<?xml version="1.0" encoding="UTF-8"?>
<collection xmlns="http://www.loc.gov/MARC21/slim"
            xmlns:xsi="http://www.w3.org/2001/XMLSchema-instance"
            xsi:schemaLocation="http://www.loc.gov/MARC21/slim http://www.loc.gov/standards/marcxml/schema/MARC21slim.xsd">
   <record>
      <leader>     nam a22      a 4500</leader>
      <controlfield tag="FMT">BK</controlfield>
      <controlfield tag="001">cpk19960151891</controlfield>
      <controlfield tag="003">CZ PrNK</controlfield>
      <controlfield tag="005">20130418111307.0</controlfield>
      <controlfield tag="007">tu</controlfield>
      <controlfield tag="008">961210s1975    xr     e      000 p cze</controlfield>
      <datafield tag="015" ind1=" " ind2=" ">
         <subfield code="a">cnb000151891</subfield>
         <subfield code="z">cnb000468711</subfield>
      </datafield>
      <datafield tag="020" ind1=" " ind2=" ">
         <subfield code="q">(Váz.) :</subfield>
         <subfield code="c">Kčs 12,00</subfield>
      </datafield>
      <datafield tag="035" ind1=" " ind2=" ">
         <subfield code="a">(OCoLC)84919479</subfield>
      </datafield>
      <datafield tag="035" ind1=" " ind2=" ">
         <subfield code="a">(OCoLC)85364493</subfield>
      </datafield>
      <datafield tag="040" ind1=" " ind2=" ">
         <subfield code="a">ABA001</subfield>
         <subfield code="b">cze</subfield>
      </datafield>
      <datafield tag="041" ind1="1" ind2=" ">
         <subfield code="a">cze</subfield>
         <subfield code="h">ger</subfield>
      </datafield>
      <datafield tag="072" ind1=" " ind2="7">
         <subfield code="a">821.112.2-1</subfield>
         <subfield code="x">Německá poezie, německy psaná</subfield>
         <subfield code="2">Konspekt</subfield>
         <subfield code="9">25</subfield>
      </datafield>
      <datafield tag="080" ind1=" " ind2=" ">
         <subfield code="a">830-1</subfield>
         <subfield code="2">undef</subfield>
      </datafield>
      <datafield tag="100" ind1="1" ind2=" ">
         <subfield code="a">Heine, Heinrich,</subfield>
         <subfield code="d">1797-1856</subfield>
         <subfield code="7">jn19990003328</subfield>
         <subfield code="4">aut</subfield>
      </datafield>
      <datafield tag="245" ind1="1" ind2="0">
         <subfield code="a">Passionál /</subfield>
         <subfield code="c">Heinrich Heine ; [z němčiny přeložil Otokar Fischer ; doslov Miloš Pohorský ; portrét H. Heina nakreslil F.L. Laynaud]</subfield>
      </datafield>
      <datafield tag="250" ind1=" " ind2=" ">
         <subfield code="a">4. vyd., v Čs. spis. 1. vyd.</subfield>
      </datafield>
      <datafield tag="260" ind1=" " ind2=" ">
         <subfield code="a">Praha :</subfield>
         <subfield code="b">Československý spisovatel,</subfield>
         <subfield code="c">1975</subfield>
      </datafield>
      <datafield tag="300" ind1=" " ind2=" ">
         <subfield code="a">95 s. ;</subfield>
         <subfield code="c">17 cm</subfield>
      </datafield>
      <datafield tag="490" ind1="1" ind2=" ">
         <subfield code="a">Klub přátel poezie. Výběrová řada</subfield>
      </datafield>
      <datafield tag="500" ind1=" " ind2=" ">
         <subfield code="a">12000 výt.</subfield>
      </datafield>
      <datafield tag="500" ind1=" " ind2=" ">
         <subfield code="a">Il. tit dvoulist a předsádka</subfield>
      </datafield>
      <datafield tag="520" ind1=" " ind2=" ">
         <subfield code="a">Výbor z veršů německého básníka, ústřední postavy německé literatury po smrti Goethově. Verše "o trpitelích a vyděděncích, o mrtvých a umírajících", které vybral překladatel před padesáti lety z různých oddílů posledních sbírek a z pozůstalosti, vznikaly v posledních letech Heinova života. Představují básníka připojujícího se k mohutnému podzemnímu hlasu nové společenské třídy a proklínajícího boha, krále i prolhanou vlast, autora toužícího po smyslových prožitcích života.</subfield>
      </datafield>
      <datafield tag="655" ind1=" " ind2="7">
         <subfield code="a">poezie</subfield>
         <subfield code="7">fd131936</subfield>
         <subfield code="2">czenas</subfield>
      </datafield>
      <datafield tag="700" ind1="1" ind2=" ">
         <subfield code="a">Fischer, Otokar,</subfield>
         <subfield code="d">1883-1938</subfield>
         <subfield code="7">jk01031286</subfield>
         <subfield code="4">trl</subfield>
      </datafield>
      <datafield tag="700" ind1="1" ind2=" ">
         <subfield code="a">Pohorský, Miloš,</subfield>
         <subfield code="d">1929-2013</subfield>
         <subfield code="7">jk01100312</subfield>
         <subfield code="4">aft</subfield>
      </datafield>
      <datafield tag="830" ind1=" " ind2="0">
         <subfield code="a">Klub přátel poezie (Československý spisovatel).</subfield>
         <subfield code="p">Výběrová řada</subfield>
      </datafield>
      <datafield tag="910" ind1=" " ind2=" ">
         <subfield code="a">ABA001</subfield>
      </datafield>
      <datafield tag="ITM" ind1=" " ind2=" ">
         <subfield code="b">1002669156</subfield>
         <subfield code="c">I 224378</subfield>
         <subfield code="d"/>
         <subfield code="v"/>
         <subfield code="i"/>
         <subfield code="y"/>
      </datafield>
      <controlfield tag="SYS">000151891</controlfield>
   </record>