
   <record>
      <leader>     nas a22        4500</leader>
      <controlfield tag="FMT">SE</controlfield>
      <controlfield tag="001">cps19950356288</controlfield>
      <controlfield tag="003">CZ PrNK</controlfield>
      <controlfield tag="005">20071219094456.0</controlfield>
      <controlfield tag="008">900715d19251990xr mr p  ||||u|    0cze</controlfield>
      <datafield tag="015" ind1=" " ind2=" ">
         <subfield code="a">cnb000356288</subfield>
      </datafield>
      <datafield tag="022" ind1=" " ind2=" ">
         <subfield code="a">0009-0778</subfield>
      </datafield>
      <datafield tag="040" ind1=" " ind2=" ">
         <subfield code="a">ABA001</subfield>
         <subfield code="b">cze</subfield>
         <subfield code="d">ABA001</subfield>
      </datafield>
      <datafield tag="043" ind1=" " ind2=" ">
         <subfield code="a">e-xr---</subfield>
         <subfield code="b">e-xr-pg</subfield>
         <subfield code="2">czenas</subfield>
      </datafield>
      <datafield tag="072" ind1=" " ind2="7">
         <subfield code="a">2</subfield>
         <subfield code="x">Náboženství</subfield>
         <subfield code="2">Konspekt</subfield>
         <subfield code="9">5</subfield>
      </datafield>
      <datafield tag="080" ind1=" " ind2=" ">
         <subfield code="a">2</subfield>
         <subfield code="2">MRF-sel</subfield>
      </datafield>
      <datafield tag="080" ind1=" " ind2=" ">
         <subfield code="a">050</subfield>
         <subfield code="2">MRF-sel</subfield>
      </datafield>
      <datafield tag="210" ind1="1" ind2=" ">
         <subfield code="a">Čes. bratr</subfield>
      </datafield>
      <datafield tag="222" ind1=" " ind2="0">
         <subfield code="a">Český bratr</subfield>
      </datafield>
      <datafield tag="245" ind1="0" ind2="0">
         <subfield code="a">Český bratr :</subfield>
         <subfield code="b">Časopis Českobratrské církve evangelické</subfield>
      </datafield>
      <datafield tag="260" ind1=" " ind2=" ">
         <subfield code="a">Praha :</subfield>
         <subfield code="b">Ústřední církevní nakladatelství,</subfield>
         <subfield code="c">1925-1990</subfield>
      </datafield>
      <datafield tag="300" ind1=" " ind2=" ">
         <subfield code="a">66 sv. ;</subfield>
         <subfield code="c">24 cm</subfield>
      </datafield>
      <datafield tag="310" ind1=" " ind2=" ">
         <subfield code="a">1x měsíčně</subfield>
      </datafield>
      <datafield tag="362" ind1="0" ind2=" ">
         <subfield code="a">Roč. 1, č. 1 (1925)-roč. 66, č. 12 (1990)</subfield>
      </datafield>
      <datafield tag="500" ind1=" " ind2=" ">
         <subfield code="a">Vydává: Synodní rada Českobratrské církve evangelické</subfield>
      </datafield>
      <datafield tag="500" ind1=" " ind2=" ">
         <subfield code="a">Rozsah a rozměry pro registraci: 16 s., 170/240</subfield>
      </datafield>
      <datafield tag="520" ind1=" " ind2=" ">
         <subfield code="a">Časopis věřících českobratrské církve evangelické.</subfield>
      </datafield>
      <datafield tag="610" ind1="2" ind2="7">
         <subfield code="a">Českobratrská církev evangelická</subfield>
         <subfield code="7">kn20010724094</subfield>
         <subfield code="2">czenas</subfield>
      </datafield>
      <datafield tag="653" ind1="0" ind2=" ">
         <subfield code="a">křesťanský život</subfield>
      </datafield>
      <datafield tag="710" ind1="2" ind2=" ">
         <subfield code="a">Českobratrská církev evangelická.</subfield>
         <subfield code="b">Synodní rada</subfield>
         <subfield code="7">kn20010710696</subfield>
      </datafield>
      <datafield tag="770" ind1="0" ind2=" ">
         <subfield code="t">Sbírka kázání pro čtené služby boží. Homilitická příloha časopisu Český bratr</subfield>
         <subfield code="x">0231-7419</subfield>
      </datafield>
      <datafield tag="785" ind1="0" ind2="0">
         <subfield code="t">Evangelický časopis Český bratr</subfield>
         <subfield code="x">1211-6793</subfield>
      </datafield>
      <datafield tag="856" ind1="4" ind2="1">
         <subfield code="u">http://kramerius4.nkp.cz/search/handle/uuid:debe1740-d49a-11e5-b8d0-001018b5eb5c</subfield>
         <subfield code="y">Digitalizovaný dokument</subfield>
      </datafield>
      <datafield tag="910" ind1=" " ind2=" ">
         <subfield code="a">ABA001</subfield>
      </datafield>
      <datafield tag="968" ind1=" " ind2=" ">
         <subfield code="a">15a</subfield>
      </datafield>
      <datafield tag="969" ind1=" " ind2=" ">
         <subfield code="a">a2</subfield>
      </datafield>
      <datafield tag="970" ind1=" " ind2=" ">
         <subfield code="n">Synodní rada Českobratrské církve evangelické</subfield>
      </datafield>
      <datafield tag="ITM" ind1=" " ind2=" ">
         <subfield code="b">1001730680</subfield>
         <subfield code="c">II 009130/R.1958.Příloha</subfield>
         <subfield code="d">R.1958 Sbírka kázání</subfield>
         <subfield code="v"/>
         <subfield code="i"/>
         <subfield code="y">1958</subfield>
      </datafield>
      <controlfield tag="SYS">000356288</controlfield>
   </record>