
   <record>
      <leader>     nam a22     1  4500</leader>
      <controlfield tag="FMT">BK</controlfield>
      <controlfield tag="001">bk197003056</controlfield>
      <controlfield tag="003">CZ PrNK</controlfield>
      <controlfield tag="005">19970526000000.0</controlfield>
      <controlfield tag="008">970526s1970    xr                  cze</controlfield>
      <datafield tag="015" ind1=" " ind2=" ">
         <subfield code="a">cnb000427617</subfield>
      </datafield>
      <datafield tag="035" ind1=" " ind2=" ">
         <subfield code="a">(OCoLC)42154643</subfield>
      </datafield>
      <datafield tag="040" ind1=" " ind2=" ">
         <subfield code="a">ABA001</subfield>
         <subfield code="b">cze</subfield>
         <subfield code="c">ULG001</subfield>
         <subfield code="d">ABA001</subfield>
      </datafield>
      <datafield tag="080" ind1=" " ind2=" ">
         <subfield code="a">628.5/.8:621(075.8)</subfield>
         <subfield code="2">undef</subfield>
      </datafield>
      <datafield tag="100" ind1="1" ind2=" ">
         <subfield code="a">Smolík, Jan</subfield>
         <subfield code="7">jk01120118</subfield>
         <subfield code="4">aut</subfield>
      </datafield>
      <datafield tag="245" ind1="1" ind2="0">
         <subfield code="a">Technika prostředí :</subfield>
         <subfield code="b">Vysokošk. příručka pro studenty strojních fakult vys. škol techn. směru /</subfield>
         <subfield code="c">Autor: Jan Smolík a kol.</subfield>
      </datafield>
      <datafield tag="250" ind1=" " ind2=" ">
         <subfield code="a">1. vyd.</subfield>
      </datafield>
      <datafield tag="260" ind1=" " ind2=" ">
         <subfield code="a">Praha :</subfield>
         <subfield code="b">SNTL,</subfield>
         <subfield code="c">1970</subfield>
         <subfield code="e">(Brno :</subfield>
         <subfield code="f">Tisk 1)</subfield>
      </datafield>
      <datafield tag="300" ind1=" " ind2=" ">
         <subfield code="a">322, [1] s. ;</subfield>
         <subfield code="c">8°</subfield>
      </datafield>
      <datafield tag="490" ind1="1" ind2=" ">
         <subfield code="a">Řada strojír. literatury</subfield>
      </datafield>
      <datafield tag="500" ind1=" " ind2=" ">
         <subfield code="a">Vazba: Josef Kalousek</subfield>
      </datafield>
      <datafield tag="500" ind1=" " ind2=" ">
         <subfield code="a">5200 výt.</subfield>
      </datafield>
      <datafield tag="500" ind1=" " ind2=" ">
         <subfield code="a">Přehl. lit.</subfield>
      </datafield>
      <datafield tag="500" ind1=" " ind2=" ">
         <subfield code="a">Symboly</subfield>
      </datafield>
      <datafield tag="500" ind1=" " ind2=" ">
         <subfield code="a">Věcný rejstřík</subfield>
      </datafield>
      <datafield tag="500" ind1=" " ind2=" ">
         <subfield code="a">S obr., fot. a tb. v textu</subfield>
      </datafield>
      <datafield tag="520" ind1=" " ind2=" ">
         <subfield code="a">Kapitoly z techniky životního prostředí se orientují zejména na ty její teoretické, metodické a výpočtové partie, které se týkají zařízení strojní povahy. Pojednávají o hluku, vytápění, větrání, klimatizaci, odlučování prachua obezpečnosti práce. Zvláštní pozornost je zajištěna i obecným vlastnostem prostředí a tepelným vlastnostem budov a speciální články jsou věnovány vzduchovodům a ventilátorům, vytápěcím soustavám a jejich součástem acentralizovanémuzásobování teplem. Spolu s J. Smolíkem jsou autory L. Oppl, L. Louda, J. Chyský, K. Hemzal, J. Cihelka, K. Laboutka, V. Mach a J. Sorel.</subfield>
      </datafield>
      <datafield tag="830" ind1=" " ind2="0">
         <subfield code="a">Řada strojír. literatury</subfield>
      </datafield>
      <datafield tag="856" ind1="4" ind2="1">
         <subfield code="u">http://kramerius4.nkp.cz/search/handle/uuid:377bc910-b9fa-11e5-b5dc-005056827e51</subfield>
         <subfield code="y">Digitalizovaný dokument</subfield>
      </datafield>
      <datafield tag="910" ind1=" " ind2=" ">
         <subfield code="a">ABA001</subfield>
      </datafield>
      <datafield tag="964" ind1=" " ind2=" ">
         <subfield code="a">Prostředí životní - zařízení technická - příručky vysokoškol.</subfield>
      </datafield>
      <datafield tag="ITM" ind1=" " ind2=" ">
         <subfield code="b">1002664254</subfield>
         <subfield code="c">II 069384</subfield>
         <subfield code="d"/>
         <subfield code="v"/>
         <subfield code="i"/>
         <subfield code="y"/>
      </datafield>
      <controlfield tag="SYS">000427617</controlfield>
   </record>