
   <record>
      <leader>     nam a22     1  4500</leader>
      <controlfield tag="FMT">BK</controlfield>
      <controlfield tag="001">bk196801991</controlfield>
      <controlfield tag="003">CZ PrNK</controlfield>
      <controlfield tag="005">20121130110735.0</controlfield>
      <controlfield tag="008">970619s1968    xr            ||| | cze</controlfield>
      <datafield tag="015" ind1=" " ind2=" ">
         <subfield code="a">cnb000447463</subfield>
      </datafield>
      <datafield tag="020" ind1=" " ind2=" ">
         <subfield code="q">(Váz.) :</subfield>
         <subfield code="c">25 Kčs</subfield>
      </datafield>
      <datafield tag="035" ind1=" " ind2=" ">
         <subfield code="a">(OCoLC)42181235</subfield>
      </datafield>
      <datafield tag="040" ind1=" " ind2=" ">
         <subfield code="a">ABA001</subfield>
         <subfield code="b">cze</subfield>
         <subfield code="c">PNA001</subfield>
         <subfield code="d">ABA001</subfield>
      </datafield>
      <datafield tag="080" ind1=" " ind2=" ">
         <subfield code="a">579.67(075.8)</subfield>
         <subfield code="2">undef</subfield>
      </datafield>
      <datafield tag="100" ind1="1" ind2=" ">
         <subfield code="a">Hampl, Bohuš,</subfield>
         <subfield code="d">1899-1975</subfield>
         <subfield code="7">jk01033302</subfield>
         <subfield code="4">aut</subfield>
      </datafield>
      <datafield tag="245" ind1="1" ind2="0">
         <subfield code="a">Potravinářská mikrobiologie :</subfield>
         <subfield code="b">vysokošk. učebnice pro posl. fak. potrav. technologie Vys. školy chemicko-technologické v Praze a v Bratislavě /</subfield>
         <subfield code="c">Bohuš Hampl</subfield>
      </datafield>
      <datafield tag="250" ind1=" " ind2=" ">
         <subfield code="a">1. vyd.</subfield>
      </datafield>
      <datafield tag="260" ind1=" " ind2=" ">
         <subfield code="a">Praha :</subfield>
         <subfield code="b">SNTL,</subfield>
         <subfield code="c">1968</subfield>
         <subfield code="f">(Mír 1)</subfield>
      </datafield>
      <datafield tag="300" ind1=" " ind2=" ">
         <subfield code="a">276 s. :</subfield>
         <subfield code="b">il. ;</subfield>
         <subfield code="c">8°</subfield>
      </datafield>
      <datafield tag="490" ind1="1" ind2=" ">
         <subfield code="a">Řada potravinářské literatury</subfield>
      </datafield>
      <datafield tag="500" ind1=" " ind2=" ">
         <subfield code="a">3000 výt.</subfield>
      </datafield>
      <datafield tag="500" ind1=" " ind2=" ">
         <subfield code="a">S fot. v textu</subfield>
      </datafield>
      <datafield tag="500" ind1=" " ind2=" ">
         <subfield code="a">Vazba Josef Kalousek</subfield>
      </datafield>
      <datafield tag="504" ind1=" " ind2=" ">
         <subfield code="a">Obsahuje bibliografii a rejstřík</subfield>
      </datafield>
      <datafield tag="520" ind1=" " ind2=" ">
         <subfield code="a">Zdůrazňuje základní pojmy a zákonitosti obecné mikrobiologie, všímá si přitom činnosti užitečných i škodlivých mikroorganismů v potravinářství. Podává jak přehled systematiky potravinářsky důležitých skupin baktérií, kvasinek a plísní, tak přehled mikrobiologie jednotlivých potravinářských výrob i používaných surovin včetně mikrobiologie obalů, vody a vzduchu. Posléze uvádí platné mikrobiologické standardy surovin a konečných výrobků i hygienická a sanitační opatření v potravinářské výrobě. Výklad je volen tak, aby přinesl praktická poučení i pracovníkům mikrobiologických laboratoří potravinářského průmyslu.</subfield>
      </datafield>
      <datafield tag="830" ind1=" " ind2="0">
         <subfield code="a">Řada potravinářské literatury</subfield>
      </datafield>
      <datafield tag="910" ind1=" " ind2=" ">
         <subfield code="a">ABA001</subfield>
      </datafield>
      <datafield tag="964" ind1=" " ind2=" ">
         <subfield code="a">Mikrobiologie potravinářská - učebnice vysokošk.</subfield>
      </datafield>
      <datafield tag="ITM" ind1=" " ind2=" ">
         <subfield code="b">1002207219</subfield>
         <subfield code="c">II 067038</subfield>
         <subfield code="d"/>
         <subfield code="v"/>
         <subfield code="i"/>
         <subfield code="y"/>
      </datafield>
      <controlfield tag="SYS">000447463</controlfield>
   </record>