
   <record>
      <leader>     nam a22     1  4500</leader>
      <controlfield tag="FMT">BK</controlfield>
      <controlfield tag="001">bk195803369</controlfield>
      <controlfield tag="003">CZ PrNK</controlfield>
      <controlfield tag="005">20121004082208.0</controlfield>
      <controlfield tag="008">980525s1958    xr            ||| | cze</controlfield>
      <datafield tag="015" ind1=" " ind2=" ">
         <subfield code="a">cnb000448840</subfield>
      </datafield>
      <datafield tag="035" ind1=" " ind2=" ">
         <subfield code="a">(OCoLC)85196541</subfield>
      </datafield>
      <datafield tag="040" ind1=" " ind2=" ">
         <subfield code="a">ABA001</subfield>
         <subfield code="b">cze</subfield>
         <subfield code="c">KLG001</subfield>
         <subfield code="d">ABA001</subfield>
      </datafield>
      <datafield tag="100" ind1="1" ind2=" ">
         <subfield code="a">Douda, Miloslav</subfield>
         <subfield code="7">ntk2012713559</subfield>
         <subfield code="4">aut</subfield>
      </datafield>
      <datafield tag="245" ind1="1" ind2="0">
         <subfield code="a">Nové zemědělské stroje u nás i v zahraničí /</subfield>
         <subfield code="c">Miloslav Douda, spolupracovali Zdeněk Kolář, Jiřina Veselá, Hana Doudová ; předmluva Karel Koč ; obrázky kreslili J. Matoušková, J. Porembský ... [et al.]</subfield>
      </datafield>
      <datafield tag="250" ind1=" " ind2=" ">
         <subfield code="a">1. vyd.</subfield>
      </datafield>
      <datafield tag="260" ind1=" " ind2=" ">
         <subfield code="a">Praha :</subfield>
         <subfield code="b">SZN,</subfield>
         <subfield code="c">1958</subfield>
         <subfield code="f">(Mír 04)</subfield>
      </datafield>
      <datafield tag="300" ind1=" " ind2=" ">
         <subfield code="a">435, [5] s. :</subfield>
         <subfield code="b">il., fot. ;</subfield>
         <subfield code="c">8°</subfield>
      </datafield>
      <datafield tag="490" ind1="1" ind2=" ">
         <subfield code="a">Mechanizace</subfield>
      </datafield>
      <datafield tag="500" ind1=" " ind2=" ">
         <subfield code="a">6000 výt.</subfield>
      </datafield>
      <datafield tag="520" ind1=" " ind2=" ">
         <subfield code="a">Kniha seznamuje čtenáře s některými novými zemědělskými stroji a nářadím, které nejsou u nás ještě dobře známy. Tak popisovány jsou traktory, nářadí na zpracování půdy a kultivaci, stroje secí, sázecí, pro přihnojování a zavlažování, na ochranu rostlin, stroje sklizňové, na úpravu a zpracování zemědělských produktů, zařízení k sušení a silážování, mechanizační prostředky pro stájové práce. V závěru jsou uvedeny některé technické a ekonomické informace v oboru zemědělských strojů.</subfield>
      </datafield>
      <datafield tag="830" ind1=" " ind2="0">
         <subfield code="a">Mechanizace</subfield>
      </datafield>
      <datafield tag="910" ind1=" " ind2=" ">
         <subfield code="a">ABA001</subfield>
      </datafield>
      <datafield tag="964" ind1=" " ind2=" ">
         <subfield code="a">Stroje zemědělské - přehledy</subfield>
      </datafield>
      <datafield tag="ITM" ind1=" " ind2=" ">
         <subfield code="b">1002824552</subfield>
         <subfield code="c">II 050779</subfield>
         <subfield code="d"/>
         <subfield code="v"/>
         <subfield code="i"/>
         <subfield code="y"/>
      </datafield>
      <controlfield tag="SYS">000448840</controlfield>
   </record>