
   <record>
      <leader>     nam a22     1  4500</leader>
      <controlfield tag="FMT">BK</controlfield>
      <controlfield tag="001">bk197503650</controlfield>
      <controlfield tag="003">CZ PrNK</controlfield>
      <controlfield tag="005">20110516102118.0</controlfield>
      <controlfield tag="007">ta</controlfield>
      <controlfield tag="008">970605s1975    xr ach        000   cze</controlfield>
      <datafield tag="015" ind1=" " ind2=" ">
         <subfield code="a">cnb000469338</subfield>
      </datafield>
      <datafield tag="020" ind1=" " ind2=" ">
         <subfield code="q">(Váz.) :</subfield>
         <subfield code="c">Kčs 15,00</subfield>
      </datafield>
      <datafield tag="035" ind1=" " ind2=" ">
         <subfield code="a">(OCoLC)2084220</subfield>
      </datafield>
      <datafield tag="040" ind1=" " ind2=" ">
         <subfield code="a">ABA001</subfield>
         <subfield code="b">cze</subfield>
         <subfield code="c">LIA001</subfield>
         <subfield code="d">ABA001</subfield>
      </datafield>
      <datafield tag="041" ind1="0" ind2=" ">
         <subfield code="a">cze</subfield>
         <subfield code="b">eng</subfield>
         <subfield code="b">ger</subfield>
         <subfield code="b">rus</subfield>
      </datafield>
      <datafield tag="080" ind1=" " ind2=" ">
         <subfield code="a">551.5(437.1)(091)"157/197"+551.501(437.10)(091) "157/197"</subfield>
         <subfield code="2">undef</subfield>
      </datafield>
      <datafield tag="100" ind1="1" ind2=" ">
         <subfield code="a">Pejml, Karel,</subfield>
         <subfield code="d">1918-1992</subfield>
         <subfield code="7">jk01092364</subfield>
         <subfield code="4">aut</subfield>
      </datafield>
      <datafield tag="245" ind1="1" ind2="0">
         <subfield code="a">200 let meteorologické observatoře v pražském Klementinu /</subfield>
         <subfield code="c">Karel Pejml</subfield>
      </datafield>
      <datafield tag="246" ind1="3" ind2=" ">
         <subfield code="a">Dvě stě let meteorologické observatoře v pražském Klementinu</subfield>
      </datafield>
      <datafield tag="250" ind1=" " ind2=" ">
         <subfield code="a">1. vyd.</subfield>
      </datafield>
      <datafield tag="260" ind1=" " ind2=" ">
         <subfield code="a">Praha :</subfield>
         <subfield code="b">SNTL - Nakladatelství technické literatury,</subfield>
         <subfield code="c">1975</subfield>
      </datafield>
      <datafield tag="300" ind1=" " ind2=" ">
         <subfield code="a">78 s. :</subfield>
         <subfield code="b">il., portréty, faksim. ;</subfield>
         <subfield code="c">25 cm</subfield>
      </datafield>
      <datafield tag="500" ind1=" " ind2=" ">
         <subfield code="a">Nad názvem: Hydrometeorogický ústav</subfield>
      </datafield>
      <datafield tag="500" ind1=" " ind2=" ">
         <subfield code="a">570 výt.</subfield>
      </datafield>
      <datafield tag="504" ind1=" " ind2=" ">
         <subfield code="a">Obsahuje bibliografii a bibliografické odkazy</subfield>
      </datafield>
      <datafield tag="546" ind1=" " ind2=" ">
         <subfield code="a">Anglické, německé a ruské resumé</subfield>
      </datafield>
      <datafield tag="710" ind1="2" ind2=" ">
         <subfield code="a">Klementinum (budova : Praha, Česko)</subfield>
         <subfield code="7">kn20020322468</subfield>
      </datafield>
      <datafield tag="710" ind1="2" ind2=" ">
         <subfield code="a">Hydrometeorologický ústav Praha</subfield>
         <subfield code="7">ko20010092607</subfield>
      </datafield>
      <datafield tag="910" ind1=" " ind2=" ">
         <subfield code="a">ABA001</subfield>
      </datafield>
      <datafield tag="964" ind1=" " ind2=" ">
         <subfield code="a">Meteorologická observatoř, Praha-Klementinum - dějiny - rok 1752-1970 - studie</subfield>
      </datafield>
      <datafield tag="964" ind1=" " ind2=" ">
         <subfield code="a">Meteorologie česká - dějiny - stol. 16., léta 30. - rok 1970 - přehledy</subfield>
      </datafield>
      <datafield tag="ITM" ind1=" " ind2=" ">
         <subfield code="b">1002209479</subfield>
         <subfield code="c">II 075074</subfield>
         <subfield code="d"/>
         <subfield code="v"/>
         <subfield code="i"/>
         <subfield code="y"/>
      </datafield>
      <controlfield tag="SYS">000469338</controlfield>
   </record>