
   <record>
      <leader>     nam a22     1  4500</leader>
      <controlfield tag="FMT">BK</controlfield>
      <controlfield tag="001">bk195300319</controlfield>
      <controlfield tag="003">CZ PrNK</controlfield>
      <controlfield tag="005">19980122000000.0</controlfield>
      <controlfield tag="008">980122s1952    xr                  cze</controlfield>
      <datafield tag="015" ind1=" " ind2=" ">
         <subfield code="a">cnb000507156</subfield>
      </datafield>
      <datafield tag="035" ind1=" " ind2=" ">
         <subfield code="a">(OCoLC)85311786</subfield>
      </datafield>
      <datafield tag="040" ind1=" " ind2=" ">
         <subfield code="a">ABA001</subfield>
         <subfield code="b">cze</subfield>
         <subfield code="c">OLA001</subfield>
         <subfield code="d">ABA001</subfield>
      </datafield>
      <datafield tag="041" ind1="1" ind2=" ">
         <subfield code="a">cze</subfield>
         <subfield code="h">rus</subfield>
      </datafield>
      <datafield tag="100" ind1="1" ind2=" ">
         <subfield code="a">Lebedev, Pantelejmon Dmitrijevič,</subfield>
         <subfield code="d">1906-1975</subfield>
         <subfield code="7">jx20081018012</subfield>
         <subfield code="4">aut</subfield>
      </datafield>
      <datafield tag="245" ind1="1" ind2="0">
         <subfield code="a">Tepelná technika v průmyslových závodech :</subfield>
         <subfield code="b">Určeno pro tepelné techniky ... učeb. na prům. a vys. školách /</subfield>
         <subfield code="c">P.D. Lebeděv, A.A. Ščukin ; [Z ruš.] Fabrično-zavodskaja teplotechnika přel. Leopold Podešva ; Předl. k sovět. vyd.: V.V. Luknickij</subfield>
      </datafield>
      <datafield tag="250" ind1=" " ind2=" ">
         <subfield code="a">1. vyd.</subfield>
      </datafield>
      <datafield tag="260" ind1=" " ind2=" ">
         <subfield code="a">Praha :</subfield>
         <subfield code="b">Průmyslové vydavatelství,</subfield>
         <subfield code="c">1952</subfield>
         <subfield code="f">(Práce 01)</subfield>
      </datafield>
      <datafield tag="300" ind1=" " ind2=" ">
         <subfield code="a">395, [1] s. ;</subfield>
         <subfield code="c">8°</subfield>
      </datafield>
      <datafield tag="490" ind1="1" ind2=" ">
         <subfield code="a">Knižnice energetiky ;</subfield>
         <subfield code="v">Sv. 19</subfield>
      </datafield>
      <datafield tag="500" ind1=" " ind2=" ">
         <subfield code="a">Pozn.</subfield>
      </datafield>
      <datafield tag="500" ind1=" " ind2=" ">
         <subfield code="a">3500 výt.</subfield>
      </datafield>
      <datafield tag="500" ind1=" " ind2=" ">
         <subfield code="a">S il.</subfield>
      </datafield>
      <datafield tag="500" ind1=" " ind2=" ">
         <subfield code="a">Přehl. lit.</subfield>
      </datafield>
      <datafield tag="500" ind1=" " ind2=" ">
         <subfield code="a">Věcný rejstřík</subfield>
      </datafield>
      <datafield tag="520" ind1=" " ind2=" ">
         <subfield code="a">V 1. části knihy je uveden popis konstrukcí a výpočet různých tepelných přístrojů, jichž se používá v průmyslu; jsou to především výměníky tepla s rozmanitým pracovním prostředím, hlavně vodou a parou, dále chladicí a sušárenská zařízení, transformátory tepla a přístroje k odvádění a využití kondenzátů. V 2. části jsou popsány způsoby výroby hořlavých plynů, uvedeny výpočty základních ukazatelů a nejdůležitějšího zařízení plynových generátorů a objasněny teorie průmyslových pecí a způsoby jejich výpočtů.</subfield>
      </datafield>
      <datafield tag="700" ind1="1" ind2=" ">
         <subfield code="a">Ščukin, A. A.</subfield>
         <subfield code="4">aut</subfield>
      </datafield>
      <datafield tag="830" ind1=" " ind2="0">
         <subfield code="a">Knižnice energetiky</subfield>
      </datafield>
      <datafield tag="910" ind1=" " ind2=" ">
         <subfield code="a">ABA001</subfield>
      </datafield>
      <datafield tag="964" ind1=" " ind2=" ">
         <subfield code="a">Teplo - průmysl</subfield>
      </datafield>
      <datafield tag="964" ind1=" " ind2=" ">
         <subfield code="a">Technika tepelná - závody průmyslové</subfield>
      </datafield>
      <datafield tag="964" ind1=" " ind2=" ">
         <subfield code="a">Závody průmyslové - technika tepelná</subfield>
      </datafield>
      <datafield tag="ITM" ind1=" " ind2=" ">
         <subfield code="b">1002824549</subfield>
         <subfield code="c">II 042143</subfield>
         <subfield code="d"/>
         <subfield code="v"/>
         <subfield code="i"/>
         <subfield code="y"/>
      </datafield>
      <controlfield tag="SYS">000507156</controlfield>
   </record>