
   <record>
      <leader>     nam a22     1  4500</leader>
      <controlfield tag="FMT">BK</controlfield>
      <controlfield tag="001">bk195900025</controlfield>
      <controlfield tag="003">CZ PrNK</controlfield>
      <controlfield tag="005">19980113000000.0</controlfield>
      <controlfield tag="008">980113s1958    xr                  cze</controlfield>
      <datafield tag="015" ind1=" " ind2=" ">
         <subfield code="a">cnb000513265</subfield>
      </datafield>
      <datafield tag="035" ind1=" " ind2=" ">
         <subfield code="a">(OCoLC)85321830</subfield>
      </datafield>
      <datafield tag="040" ind1=" " ind2=" ">
         <subfield code="a">ABA001</subfield>
         <subfield code="b">cze</subfield>
         <subfield code="c">ULG001</subfield>
         <subfield code="d">ABA001</subfield>
      </datafield>
      <datafield tag="100" ind1="1" ind2=" ">
         <subfield code="a">Kulda, Vojtěch,</subfield>
         <subfield code="d">1900-1978</subfield>
         <subfield code="7">jk01070784</subfield>
         <subfield code="4">aut</subfield>
      </datafield>
      <datafield tag="245" ind1="1" ind2="0">
         <subfield code="a">Elektrická zařízení obráběcích strojů :</subfield>
         <subfield code="b">Určeno projektantům a konstruktérům obráběcích strojů, technikům a posluchačům strojního oboru specialisace obráběcích strojů a ke školení údržbářů elektrického zařízení obráběcích strojů /</subfield>
         <subfield code="c">[Autor:] Vojtěch Kulda</subfield>
      </datafield>
      <datafield tag="250" ind1=" " ind2=" ">
         <subfield code="a">1. vyd.</subfield>
      </datafield>
      <datafield tag="260" ind1=" " ind2=" ">
         <subfield code="a">Praha :</subfield>
         <subfield code="b">SNTL,</subfield>
         <subfield code="c">1958</subfield>
         <subfield code="f">(Mír 01)</subfield>
      </datafield>
      <datafield tag="300" ind1=" " ind2=" ">
         <subfield code="a">430, [1] s. :</subfield>
         <subfield code="b">[1] tb. ;</subfield>
         <subfield code="c">8°</subfield>
      </datafield>
      <datafield tag="490" ind1="1" ind2=" ">
         <subfield code="a">Řada elektrotechnické literatury</subfield>
      </datafield>
      <datafield tag="500" ind1=" " ind2=" ">
         <subfield code="a">S fot., il. a grafy v textu</subfield>
      </datafield>
      <datafield tag="500" ind1=" " ind2=" ">
         <subfield code="a">3200 výt.</subfield>
      </datafield>
      <datafield tag="500" ind1=" " ind2=" ">
         <subfield code="a">Věcný rejstřík</subfield>
      </datafield>
      <datafield tag="500" ind1=" " ind2=" ">
         <subfield code="a">Přehledy lit.</subfield>
      </datafield>
      <datafield tag="500" ind1=" " ind2=" ">
         <subfield code="a">Zkr.</subfield>
      </datafield>
      <datafield tag="520" ind1=" " ind2=" ">
         <subfield code="a">Monografie, první z tohoto oboru u nás, vychází z všeobecných poznatků o elektrických strojích a pojednává o základech řešení pohonu obráběcích strojů, o řízení asynchronních motorů, spínacích, ochranných a řídících přístrojích atd. Zvláštní kapitoly jsou věnovány bezpečnostním a zkušebním předpisům, kreslení značek a čtení schemat. Kniha končí pojednáním o elektrickém a ultrazvukovém obrábění.</subfield>
      </datafield>
      <datafield tag="830" ind1=" " ind2="0">
         <subfield code="a">Řada elektrotechnické literatury</subfield>
      </datafield>
      <datafield tag="856" ind1="4" ind2="1">
         <subfield code="u">http://kramerius4.nkp.cz/search/handle/uuid:c73da310-c045-11e5-b5dc-005056827e51</subfield>
         <subfield code="y">Digitalizovaný dokument</subfield>
      </datafield>
      <datafield tag="910" ind1=" " ind2=" ">
         <subfield code="a">ABA001</subfield>
      </datafield>
      <datafield tag="964" ind1=" " ind2=" ">
         <subfield code="a">Stroje obráběcí - zařízení elektrická</subfield>
      </datafield>
      <datafield tag="ITM" ind1=" " ind2=" ">
         <subfield code="b">1002824555</subfield>
         <subfield code="c">II 051300</subfield>
         <subfield code="d"/>
         <subfield code="v"/>
         <subfield code="i"/>
         <subfield code="y"/>
      </datafield>
      <controlfield tag="SYS">000513265</controlfield>
   </record>