
   <record>
      <leader>     nam a22     1  4500</leader>
      <controlfield tag="FMT">BK</controlfield>
      <controlfield tag="001">bk196100158</controlfield>
      <controlfield tag="003">CZ PrNK</controlfield>
      <controlfield tag="005">19980127000000.0</controlfield>
      <controlfield tag="008">980127s1960    xr                  cze</controlfield>
      <datafield tag="015" ind1=" " ind2=" ">
         <subfield code="a">cnb000515779</subfield>
      </datafield>
      <datafield tag="035" ind1=" " ind2=" ">
         <subfield code="a">(OCoLC)85330794</subfield>
      </datafield>
      <datafield tag="040" ind1=" " ind2=" ">
         <subfield code="a">ABA001</subfield>
         <subfield code="b">cze</subfield>
         <subfield code="c">OSA001</subfield>
         <subfield code="d">ABA001</subfield>
      </datafield>
      <datafield tag="080" ind1=" " ind2=" ">
         <subfield code="a">621(437)+ 621.001:338.984.3(437)"1961/1965"(082)</subfield>
         <subfield code="2">undef</subfield>
      </datafield>
      <datafield tag="245" ind1="0" ind2="0">
         <subfield code="a">Rozvoj strojírenství ve druhé pětiletce a jeho perspektivy :</subfield>
         <subfield code="b">[Sborník] /</subfield>
         <subfield code="c">Předml.: Jan Franc</subfield>
      </datafield>
      <datafield tag="250" ind1=" " ind2=" ">
         <subfield code="a">1. vyd.</subfield>
      </datafield>
      <datafield tag="260" ind1=" " ind2=" ">
         <subfield code="a">Praha :</subfield>
         <subfield code="b">SNTL,</subfield>
         <subfield code="c">1960</subfield>
         <subfield code="f">(Polygrafia 1)</subfield>
      </datafield>
      <datafield tag="300" ind1=" " ind2=" ">
         <subfield code="a">377, [1] s. :</subfield>
         <subfield code="b">[2] fot. příl. [5] barev. fot. příl. ;</subfield>
         <subfield code="c">8°</subfield>
      </datafield>
      <datafield tag="490" ind1="1" ind2=" ">
         <subfield code="a">Řada strojír. lit.</subfield>
      </datafield>
      <datafield tag="500" ind1=" " ind2=" ">
         <subfield code="a">Spoluvyd. Slov. vydav. techn. lit. v Bratislavě</subfield>
      </datafield>
      <datafield tag="500" ind1=" " ind2=" ">
         <subfield code="a">S obr. v textu</subfield>
      </datafield>
      <datafield tag="500" ind1=" " ind2=" ">
         <subfield code="a">1715 výt.</subfield>
      </datafield>
      <datafield tag="520" ind1=" " ind2=" ">
         <subfield code="a">Obsahuje několik desítek statí, v nichž odborníci podávají bilanci výsledků dosažených ve výrobě strojů a zařízení pro nejrůznější průmyslová odvětví, pro zemědělství, dopravu, zdravotnictví, vědecké laboratoře i pro domácnost. Naznačeny jsou i vývojové tendence pro třetí pětiletku.</subfield>
      </datafield>
      <datafield tag="830" ind1=" " ind2="0">
         <subfield code="a">Řada strojír. lit.</subfield>
      </datafield>
      <datafield tag="910" ind1=" " ind2=" ">
         <subfield code="a">ABA001</subfield>
      </datafield>
      <datafield tag="964" ind1=" " ind2=" ">
         <subfield code="a">Strojírenství čs. - 2. pětiletka - sborníky</subfield>
      </datafield>
      <datafield tag="964" ind1=" " ind2=" ">
         <subfield code="a">Pětiletka čs. 2. (1956-1960) - strojírenství - sborníky</subfield>
      </datafield>
      <datafield tag="ITM" ind1=" " ind2=" ">
         <subfield code="b">1002494752</subfield>
         <subfield code="c">II 054374</subfield>
         <subfield code="d"/>
         <subfield code="v"/>
         <subfield code="i"/>
         <subfield code="y"/>
      </datafield>
      <controlfield tag="SYS">000515779</controlfield>
   </record>