
   <record>
      <leader>     nam a22     1  4500</leader>
      <controlfield tag="FMT">BK</controlfield>
      <controlfield tag="001">nos190113835</controlfield>
      <controlfield tag="003">CZ PrNK</controlfield>
      <controlfield tag="005">20070430111833.0</controlfield>
      <controlfield tag="008">000303s1910    xr                  cze</controlfield>
      <datafield tag="015" ind1=" " ind2=" ">
         <subfield code="a">cnb000571555</subfield>
      </datafield>
      <datafield tag="020" ind1=" " ind2=" ">
         <subfield code="q">(Brož.)</subfield>
      </datafield>
      <datafield tag="040" ind1=" " ind2=" ">
         <subfield code="a">ABA001</subfield>
         <subfield code="b">cze</subfield>
         <subfield code="c">OSA001</subfield>
         <subfield code="d">ABA001</subfield>
      </datafield>
      <datafield tag="100" ind1="1" ind2=" ">
         <subfield code="a">Herben, Jan,</subfield>
         <subfield code="d">1857-1936</subfield>
         <subfield code="7">jk01040780</subfield>
         <subfield code="4">aut</subfield>
      </datafield>
      <datafield tag="245" ind1="1" ind2="0">
         <subfield code="a">T.G. Masaryk :</subfield>
         <subfield code="b">nástin životopisný /</subfield>
         <subfield code="c">napsal Dr. Jan Herben</subfield>
      </datafield>
      <datafield tag="260" ind1=" " ind2=" ">
         <subfield code="a">[Praha (Kr. Vinohrady, 202) :</subfield>
         <subfield code="b">R. Jirků,</subfield>
         <subfield code="c">1910</subfield>
         <subfield code="f">(Edvard Leschinger)]</subfield>
      </datafield>
      <datafield tag="300" ind1=" " ind2=" ">
         <subfield code="a">99, 2 s. ;</subfield>
         <subfield code="c">8°</subfield>
      </datafield>
      <datafield tag="490" ind1="1" ind2=" ">
         <subfield code="a">Politické čtení ;</subfield>
         <subfield code="v">1910, 5</subfield>
      </datafield>
      <datafield tag="830" ind1=" " ind2="0">
         <subfield code="a">Politické čtení</subfield>
      </datafield>
      <datafield tag="910" ind1=" " ind2=" ">
         <subfield code="a">ABA001</subfield>
      </datafield>
      <datafield tag="ITM" ind1=" " ind2=" ">
         <subfield code="b">1002258483</subfield>
         <subfield code="c">I 055539</subfield>
         <subfield code="d"/>
         <subfield code="v"/>
         <subfield code="i"/>
         <subfield code="y"/>
      </datafield>
      <controlfield tag="SYS">000571555</controlfield>
   </record>