
   <record>
      <leader>     nam a22     1  4500</leader>
      <controlfield tag="FMT">BK</controlfield>
      <controlfield tag="001">bk192704515</controlfield>
      <controlfield tag="003">CZ PrNK</controlfield>
      <controlfield tag="005">20100118093019.0</controlfield>
      <controlfield tag="008">000604s1927    xr                  cze</controlfield>
      <datafield tag="015" ind1=" " ind2=" ">
         <subfield code="a">cnb000582084</subfield>
      </datafield>
      <datafield tag="035" ind1=" " ind2=" ">
         <subfield code="a">(OCoLC)33266236</subfield>
      </datafield>
      <datafield tag="040" ind1=" " ind2=" ">
         <subfield code="a">ABA001</subfield>
         <subfield code="b">cze</subfield>
         <subfield code="c">ABA001</subfield>
         <subfield code="d">ABA001</subfield>
      </datafield>
      <datafield tag="100" ind1="1" ind2=" ">
         <subfield code="a">Stocký, Jan,</subfield>
         <subfield code="d">1897-1959</subfield>
         <subfield code="7">jk01121217</subfield>
         <subfield code="4">aut</subfield>
      </datafield>
      <datafield tag="245" ind1="1" ind2="0">
         <subfield code="a">Role matematiky v badání národohospodářském :</subfield>
         <subfield code="b">úvod do početních stránek národního hospodářství /</subfield>
         <subfield code="c">Jan Stocký</subfield>
      </datafield>
      <datafield tag="260" ind1=" " ind2=" ">
         <subfield code="a">Praha :</subfield>
         <subfield code="b">Jan Stocký,</subfield>
         <subfield code="c">1927</subfield>
         <subfield code="f">(A. Novotný)</subfield>
      </datafield>
      <datafield tag="300" ind1=" " ind2=" ">
         <subfield code="a">64 s. ;</subfield>
         <subfield code="c">8°</subfield>
      </datafield>
      <datafield tag="910" ind1=" " ind2=" ">
         <subfield code="a">ABA001</subfield>
      </datafield>
      <datafield tag="ITM" ind1=" " ind2=" ">
         <subfield code="b">1002066717</subfield>
         <subfield code="c">II 070262</subfield>
         <subfield code="d"/>
         <subfield code="v"/>
         <subfield code="i"/>
         <subfield code="y"/>
      </datafield>
      <controlfield tag="SYS">000582084</controlfield>
   </record>