
   <record>
      <leader>     nam a22      a 4500</leader>
      <controlfield tag="FMT">BK</controlfield>
      <controlfield tag="001">cpk19990661946</controlfield>
      <controlfield tag="003">CZ PrNK</controlfield>
      <controlfield tag="005">20120125150451.0</controlfield>
      <controlfield tag="007">tu</controlfield>
      <controlfield tag="008">990608s1996    xr a   c      001 0 cze</controlfield>
      <datafield tag="015" ind1=" " ind2=" ">
         <subfield code="a">cnb000661946</subfield>
      </datafield>
      <datafield tag="020" ind1=" " ind2=" ">
         <subfield code="a">80-7202-007-2</subfield>
         <subfield code="q">(Ikar ;</subfield>
         <subfield code="q">váz.)</subfield>
      </datafield>
      <datafield tag="020" ind1=" " ind2=" ">
         <subfield code="a">80-7176-328-4</subfield>
         <subfield code="q">(Knižní klub ;</subfield>
         <subfield code="q">váz.)</subfield>
      </datafield>
      <datafield tag="035" ind1=" " ind2=" ">
         <subfield code="a">(OCoLC)84971477</subfield>
      </datafield>
      <datafield tag="040" ind1=" " ind2=" ">
         <subfield code="a">ABA001</subfield>
         <subfield code="b">cze</subfield>
      </datafield>
      <datafield tag="041" ind1="1" ind2=" ">
         <subfield code="a">cze</subfield>
         <subfield code="h">eng</subfield>
      </datafield>
      <datafield tag="043" ind1=" " ind2=" ">
         <subfield code="a">f-ua---</subfield>
      </datafield>
      <datafield tag="072" ind1=" " ind2="7">
         <subfield code="a">94(3)</subfield>
         <subfield code="x">Dějiny zemí starověkého světa</subfield>
         <subfield code="2">Konspekt</subfield>
         <subfield code="9">8</subfield>
      </datafield>
      <datafield tag="072" ind1=" " ind2="7">
         <subfield code="a">0/9-053.2</subfield>
         <subfield code="x">Literatura pro děti a mládež (naučná)</subfield>
         <subfield code="2">Konspekt</subfield>
         <subfield code="9">26</subfield>
      </datafield>
      <datafield tag="080" ind1=" " ind2=" ">
         <subfield code="a">394</subfield>
         <subfield code="2">MRF</subfield>
      </datafield>
      <datafield tag="080" ind1=" " ind2=" ">
         <subfield code="a">82-93</subfield>
         <subfield code="2">MRF</subfield>
      </datafield>
      <datafield tag="080" ind1=" " ind2=" ">
         <subfield code="a">94(32)</subfield>
         <subfield code="2">MRF</subfield>
      </datafield>
      <datafield tag="080" ind1=" " ind2=" ">
         <subfield code="a">930.85</subfield>
         <subfield code="2">MRF</subfield>
      </datafield>
      <datafield tag="100" ind1="1" ind2=" ">
         <subfield code="a">Grant, Neil,</subfield>
         <subfield code="d">1938-</subfield>
         <subfield code="7">jn20000602302</subfield>
         <subfield code="4">aut</subfield>
      </datafield>
      <datafield tag="245" ind1="1" ind2="0">
         <subfield code="a">Egypťané /</subfield>
         <subfield code="c">napsal Neil Grant ; [z anglického originálu ... přeložil Jiří Prosecký]</subfield>
      </datafield>
      <datafield tag="250" ind1=" " ind2=" ">
         <subfield code="a">Vyd. 1.</subfield>
      </datafield>
      <datafield tag="260" ind1=" " ind2=" ">
         <subfield code="a">Praha :</subfield>
         <subfield code="b">Knižní klub :</subfield>
         <subfield code="b">Ikar,</subfield>
         <subfield code="c">1996</subfield>
      </datafield>
      <datafield tag="300" ind1=" " ind2=" ">
         <subfield code="a">46 s. :</subfield>
         <subfield code="b">barev. il. ;</subfield>
         <subfield code="c">23 cm</subfield>
      </datafield>
      <datafield tag="490" ind1="1" ind2=" ">
         <subfield code="a">Život starých civilizací</subfield>
      </datafield>
      <datafield tag="500" ind1=" " ind2=" ">
         <subfield code="a">Terminologický slovník</subfield>
      </datafield>
      <datafield tag="504" ind1=" " ind2=" ">
         <subfield code="a">Obsahuje rejstřík</subfield>
      </datafield>
      <datafield tag="650" ind1="0" ind2="7">
         <subfield code="a">kultura a společnost</subfield>
         <subfield code="7">ph122010</subfield>
         <subfield code="z">starověký Egypt</subfield>
         <subfield code="2">czenas</subfield>
      </datafield>
      <datafield tag="650" ind1="0" ind2="7">
         <subfield code="a">každodenní život</subfield>
         <subfield code="7">ph121555</subfield>
         <subfield code="z">starověký Egypt</subfield>
         <subfield code="2">czenas</subfield>
      </datafield>
      <datafield tag="651" ind1=" " ind2="7">
         <subfield code="a">starověký Egypt</subfield>
         <subfield code="7">ge146585</subfield>
         <subfield code="x">dějiny</subfield>
         <subfield code="2">czenas</subfield>
      </datafield>
      <datafield tag="651" ind1=" " ind2="9">
         <subfield code="a">Egypt</subfield>
         <subfield code="x">Civilization</subfield>
         <subfield code="x">Juvenile literature</subfield>
         <subfield code="z">To 332 B.C.</subfield>
         <subfield code="2">eczenas</subfield>
      </datafield>
      <datafield tag="655" ind1=" " ind2="7">
         <subfield code="a">publikace pro mládež</subfield>
         <subfield code="7">fd133157</subfield>
         <subfield code="2">czenas</subfield>
      </datafield>
      <datafield tag="700" ind1="1" ind2=" ">
         <subfield code="a">Prosecký, Jiří,</subfield>
         <subfield code="d">1949-</subfield>
         <subfield code="7">jn19981002047</subfield>
         <subfield code="4">trl</subfield>
      </datafield>
      <datafield tag="765" ind1="0" ind2=" ">
         <subfield code="t">Egyptians</subfield>
         <subfield code="9">Česky</subfield>
      </datafield>
      <datafield tag="830" ind1=" " ind2="0">
         <subfield code="a">Život starých civilizací</subfield>
      </datafield>
      <datafield tag="910" ind1=" " ind2=" ">
         <subfield code="a">ABA001</subfield>
      </datafield>
      <datafield tag="ITM" ind1=" " ind2=" ">
         <subfield code="b">1000406572</subfield>
         <subfield code="c">II 119970</subfield>
         <subfield code="d"/>
         <subfield code="v"/>
         <subfield code="i"/>
         <subfield code="y"/>
      </datafield>
      <controlfield tag="SYS">000661946</controlfield>
   </record>