
   <record>
      <leader>     nam a22     1  4500</leader>
      <controlfield tag="FMT">BK</controlfield>
      <controlfield tag="001">bk195505184</controlfield>
      <controlfield tag="003">CZ PrNK</controlfield>
      <controlfield tag="005">19981204000000.0</controlfield>
      <controlfield tag="008">981204s1955    xr                  cze</controlfield>
      <datafield tag="015" ind1=" " ind2=" ">
         <subfield code="a">cnb000679531</subfield>
      </datafield>
      <datafield tag="020" ind1=" " ind2=" ">
         <subfield code="q">(Váz.) :</subfield>
         <subfield code="c">Kčs 68,00</subfield>
      </datafield>
      <datafield tag="035" ind1=" " ind2=" ">
         <subfield code="a">(OCoLC)85447647</subfield>
      </datafield>
      <datafield tag="040" ind1=" " ind2=" ">
         <subfield code="a">ABA001</subfield>
         <subfield code="b">cze</subfield>
         <subfield code="c">ABA001</subfield>
         <subfield code="d">ABA001</subfield>
      </datafield>
      <datafield tag="100" ind1="1" ind2=" ">
         <subfield code="a">Klíma, Arnošt,</subfield>
         <subfield code="d">1916-2000</subfield>
         <subfield code="7">jk01060503</subfield>
         <subfield code="4">aut</subfield>
      </datafield>
      <datafield tag="245" ind1="1" ind2="0">
         <subfield code="a">Manufakturní období v Čechách /</subfield>
         <subfield code="c">Arnošt Klíma ; věd. red.: Josef Kočí ; rus. souhrn přel. V. Peremilovskij</subfield>
      </datafield>
      <datafield tag="250" ind1=" " ind2=" ">
         <subfield code="a">1. vyd.</subfield>
      </datafield>
      <datafield tag="260" ind1=" " ind2=" ">
         <subfield code="a">Praha :</subfield>
         <subfield code="b">ČSAV,</subfield>
         <subfield code="c">1955</subfield>
         <subfield code="f">(Práce)</subfield>
      </datafield>
      <datafield tag="300" ind1=" " ind2=" ">
         <subfield code="a">523, [1] s. :</subfield>
         <subfield code="b">20, 20 s. obr. příl. ;</subfield>
         <subfield code="c">8°</subfield>
      </datafield>
      <datafield tag="490" ind1="1" ind2=" ">
         <subfield code="a">Práce Čs. akademie věd. Sekce filosofie a historie</subfield>
      </datafield>
      <datafield tag="500" ind1=" " ind2=" ">
         <subfield code="a">4200 výt.</subfield>
      </datafield>
      <datafield tag="500" ind1=" " ind2=" ">
         <subfield code="a">Pozn.</subfield>
      </datafield>
      <datafield tag="500" ind1=" " ind2=" ">
         <subfield code="a">Přehl. lit. a pramenů</subfield>
      </datafield>
      <datafield tag="500" ind1=" " ind2=" ">
         <subfield code="a">Rus. a něm. souhrn</subfield>
      </datafield>
      <datafield tag="500" ind1=" " ind2=" ">
         <subfield code="a">Jmenný rejstřík</subfield>
      </datafield>
      <datafield tag="520" ind1=" " ind2=" ">
         <subfield code="a">Historická monografie provádí rozbor výrobních poměrů v Čechách od konce třicetileté války do zrušení nevolnictví r. 1781. Ukazuje, že toto období je charakterisováno rozvojem manufaktur a že v něm probíháprocespůvodníakumulace,proces vytváření kapitalistických vztahů uvnitř feudální společnosti, kdy se dostávají do popředí dvě nové třídy, buržoasie a proletariát. Tím je položen základ k rozvoji průmyslu i ke vzniku národníhoživota.Podrobně jev knizevylíčen vývoj od rozptýlených textilních manufaktur k manufakturám koncentrovaným, jejich podpora se strany absolutistického státu i začátky průmyslové výroby.</subfield>
      </datafield>
      <datafield tag="700" ind1="1" ind2=" ">
         <subfield code="a">Blažek, Jiří,</subfield>
         <subfield code="d">1922-</subfield>
         <subfield code="7">jn19981000284</subfield>
         <subfield code="4">art</subfield>
      </datafield>
      <datafield tag="700" ind1="1" ind2=" ">
         <subfield code="a">Dunka, Oldřich</subfield>
         <subfield code="4">ill</subfield>
      </datafield>
      <datafield tag="830" ind1=" " ind2="0">
         <subfield code="a">Práce Čs. akademie věd.</subfield>
         <subfield code="p">Sekce filosofie a historie</subfield>
      </datafield>
      <datafield tag="910" ind1=" " ind2=" ">
         <subfield code="a">ABA001</subfield>
      </datafield>
      <datafield tag="964" ind1=" " ind2=" ">
         <subfield code="a">Akumulace původní - Čechy r. 1648-1781 - studie</subfield>
      </datafield>
      <datafield tag="964" ind1=" " ind2=" ">
         <subfield code="a">Čechy - dějiny hospodářské r. 1648-1781 - studie</subfield>
      </datafield>
      <datafield tag="964" ind1=" " ind2=" ">
         <subfield code="a">Manufaktury - Čechy r. 1648-1781 - studie</subfield>
      </datafield>
      <datafield tag="964" ind1=" " ind2=" ">
         <subfield code="a">Kapitalismus - vznik - Čechy r. 1648-1781 - studie</subfield>
      </datafield>
      <datafield tag="964" ind1=" " ind2=" ">
         <subfield code="a">Proletariát český - vznik - Čechy r. 1648-1781 - studie</subfield>
      </datafield>
      <datafield tag="ITM" ind1=" " ind2=" ">
         <subfield code="b">1002824553</subfield>
         <subfield code="c">II 047049</subfield>
         <subfield code="d"/>
         <subfield code="v"/>
         <subfield code="i"/>
         <subfield code="y"/>
      </datafield>
      <controlfield tag="SYS">000679531</controlfield>
   </record>