
   <record>
      <leader>     nam a22     1  4500</leader>
      <controlfield tag="FMT">BK</controlfield>
      <controlfield tag="001">bk195600767</controlfield>
      <controlfield tag="003">CZ PrNK</controlfield>
      <controlfield tag="005">19980924000000.0</controlfield>
      <controlfield tag="008">980924s1956    xr                  cze</controlfield>
      <datafield tag="015" ind1=" " ind2=" ">
         <subfield code="a">cnb000680612</subfield>
      </datafield>
      <datafield tag="035" ind1=" " ind2=" ">
         <subfield code="a">(OCoLC)85450519</subfield>
      </datafield>
      <datafield tag="040" ind1=" " ind2=" ">
         <subfield code="a">ABA001</subfield>
         <subfield code="b">cze</subfield>
         <subfield code="c">BOA001</subfield>
         <subfield code="d">ABA001</subfield>
      </datafield>
      <datafield tag="100" ind1="1" ind2=" ">
         <subfield code="a">Treybal, Zdeněk,</subfield>
         <subfield code="d">1915-1986</subfield>
         <subfield code="7">jx20050630016</subfield>
         <subfield code="4">aut</subfield>
      </datafield>
      <datafield tag="245" ind1="1" ind2="0">
         <subfield code="a">Umění jezdit :</subfield>
         <subfield code="b">Vysoká škola řidiče : Jízda za zhoršených podmínek : Sportovní jízda /</subfield>
         <subfield code="c">[Autor:] Zdenek Treybal ; Il. J. Fischer</subfield>
      </datafield>
      <datafield tag="250" ind1=" " ind2=" ">
         <subfield code="a">1. vyd.</subfield>
      </datafield>
      <datafield tag="260" ind1=" " ind2=" ">
         <subfield code="a">Praha :</subfield>
         <subfield code="b">Naše vojsko,</subfield>
         <subfield code="c">1956</subfield>
      </datafield>
      <datafield tag="300" ind1=" " ind2=" ">
         <subfield code="a">195, [5] s. ;</subfield>
         <subfield code="c">8°</subfield>
      </datafield>
      <datafield tag="490" ind1="1" ind2=" ">
         <subfield code="a">Velká knižnice motorismu ;</subfield>
         <subfield code="v">Sv. 9</subfield>
      </datafield>
      <datafield tag="500" ind1=" " ind2=" ">
         <subfield code="a">10400 výt.</subfield>
      </datafield>
      <datafield tag="520" ind1=" " ind2=" ">
         <subfield code="a">Ze souhrnu bohatých zkušeností podává autor v obsáhlé knize soustavné instrukce všem adeptům řidičského umění, motoristům sportovcům, soutěžním jezdcům i závodníkům. V první kapitole seznamuje se správným uspořádánímvozidlaasprvní jízdou (ovládání volantu, pedálů, brzdy, atd.). Dále autor vysvětluje, jak si má motorista počínat na silnici nebo ve městě na křižovatkách, v zatáčkách, na horách, za deště, v mlze nebo na náledí. Posledníkapitolajevěnovánasportovní jízdě (přípravy, trening a styl k soutěžením a k silničním závodům). Kniha je oživena radou kreseb.</subfield>
      </datafield>
      <datafield tag="830" ind1=" " ind2="0">
         <subfield code="a">Velká knižnice motorismu</subfield>
      </datafield>
      <datafield tag="910" ind1=" " ind2=" ">
         <subfield code="a">ABA001</subfield>
      </datafield>
      <datafield tag="964" ind1=" " ind2=" ">
         <subfield code="a">Automobily - řízení - učebnice</subfield>
      </datafield>
      <datafield tag="ITM" ind1=" " ind2=" ">
         <subfield code="b">1002824556</subfield>
         <subfield code="c">II 047076</subfield>
         <subfield code="d"/>
         <subfield code="v"/>
         <subfield code="i"/>
         <subfield code="y"/>
      </datafield>
      <controlfield tag="SYS">000680612</controlfield>
   </record>