
   <record>
      <leader>     nam a22     1  4500</leader>
      <controlfield tag="FMT">BK</controlfield>
      <controlfield tag="001">bk195503716</controlfield>
      <controlfield tag="003">CZ PrNK</controlfield>
      <controlfield tag="005">19981026000000.0</controlfield>
      <controlfield tag="008">981026s1955    xr                  cze</controlfield>
      <datafield tag="015" ind1=" " ind2=" ">
         <subfield code="a">cnb000719512</subfield>
      </datafield>
      <datafield tag="035" ind1=" " ind2=" ">
         <subfield code="a">(OCoLC)85445020</subfield>
      </datafield>
      <datafield tag="040" ind1=" " ind2=" ">
         <subfield code="a">ABA001</subfield>
         <subfield code="b">cze</subfield>
         <subfield code="c">OLA001</subfield>
         <subfield code="d">ABA001</subfield>
      </datafield>
      <datafield tag="100" ind1="1" ind2=" ">
         <subfield code="a">Tříska, Jiří,</subfield>
         <subfield code="d">1922-</subfield>
         <subfield code="7">jk01140297</subfield>
         <subfield code="4">aut</subfield>
      </datafield>
      <datafield tag="245" ind1="1" ind2="0">
         <subfield code="a">Navrhování průmyslových transformoven a elektráren :</subfield>
         <subfield code="b">Určeno projektantům energetických zařízení.</subfield>
         <subfield code="n">1. [díl],</subfield>
         <subfield code="p">Základy projektování a poruchové stavy /</subfield>
         <subfield code="c">Naps. Jiří Tříska, Štěpán Matěna, Karel Květ, František Grof</subfield>
      </datafield>
      <datafield tag="246" ind1="3" ind2="0">
         <subfield code="a">Základy projektování a poruchové stavy</subfield>
      </datafield>
      <datafield tag="250" ind1=" " ind2=" ">
         <subfield code="a">1. vyd.</subfield>
      </datafield>
      <datafield tag="260" ind1=" " ind2=" ">
         <subfield code="a">Praha :</subfield>
         <subfield code="b">SNTL,</subfield>
         <subfield code="c">1955</subfield>
         <subfield code="f">(Praž. tisk. 05)</subfield>
      </datafield>
      <datafield tag="300" ind1=" " ind2=" ">
         <subfield code="a">415, [1] s. ;</subfield>
         <subfield code="c">8°</subfield>
      </datafield>
      <datafield tag="490" ind1="1" ind2=" ">
         <subfield code="a">Řada elektrotechnické literatury silnoproudé</subfield>
      </datafield>
      <datafield tag="500" ind1=" " ind2=" ">
         <subfield code="a">2200 výt.</subfield>
      </datafield>
      <datafield tag="500" ind1=" " ind2=" ">
         <subfield code="a">Přehl. lit. a čs. st. norem</subfield>
      </datafield>
      <datafield tag="500" ind1=" " ind2=" ">
         <subfield code="a">Věcný rejstřík</subfield>
      </datafield>
      <datafield tag="500" ind1=" " ind2=" ">
         <subfield code="a">Opr.</subfield>
      </datafield>
      <datafield tag="520" ind1=" " ind2=" ">
         <subfield code="a">První díl trojsvazkového díla nejprve všeobecně poučuje o zásobování průmyslových závodů elektrickou energií a o jejím rozvádění i transformování. Tyto otázky rozvádí ve speciálních kapitolách, aby i projektantovi posloužila kniha v jeho praxi. Z těchto hledisek jsou probrány alternátory a transformátory, rozvodny a transformovny i jejich zařízení, stroje i spínací a ochranné přístroje. Zevrubná pozornost, zejména po výpočtové stránce, je věnována poruchovým stavům v sítích.</subfield>
      </datafield>
      <datafield tag="830" ind1=" " ind2="0">
         <subfield code="a">Řada elektrotechnické literatury silnoproudé</subfield>
      </datafield>
      <datafield tag="910" ind1=" " ind2=" ">
         <subfield code="a">ABA001</subfield>
      </datafield>
      <datafield tag="964" ind1=" " ind2=" ">
         <subfield code="a">Transformovny průmyslové - navrhování</subfield>
      </datafield>
      <datafield tag="964" ind1=" " ind2=" ">
         <subfield code="a">Elektrárny průmyslové - navrhování</subfield>
      </datafield>
      <datafield tag="ITM" ind1=" " ind2=" ">
         <subfield code="b">1002824558</subfield>
         <subfield code="c">II 046606/Díl 1</subfield>
         <subfield code="d"/>
         <subfield code="v"/>
         <subfield code="i"/>
         <subfield code="y"/>
      </datafield>
      <controlfield tag="SYS">000719512</controlfield>
   </record>