
   <record>
      <leader>     nam a22     1  4500</leader>
      <controlfield tag="FMT">BK</controlfield>
      <controlfield tag="001">bk195600939</controlfield>
      <controlfield tag="003">CZ PrNK</controlfield>
      <controlfield tag="005">20050614133924.0</controlfield>
      <controlfield tag="007">ta</controlfield>
      <controlfield tag="008">981021s1956    xr                  cze</controlfield>
      <datafield tag="015" ind1=" " ind2=" ">
         <subfield code="a">cnb000721142</subfield>
      </datafield>
      <datafield tag="020" ind1=" " ind2=" ">
         <subfield code="q">(Brož.)</subfield>
      </datafield>
      <datafield tag="035" ind1=" " ind2=" ">
         <subfield code="a">(OCoLC)85450965</subfield>
      </datafield>
      <datafield tag="040" ind1=" " ind2=" ">
         <subfield code="a">ABA001</subfield>
         <subfield code="b">cze</subfield>
         <subfield code="c">BOA001</subfield>
         <subfield code="d">ABA001</subfield>
      </datafield>
      <datafield tag="041" ind1="1" ind2=" ">
         <subfield code="a">cze</subfield>
         <subfield code="h">spa</subfield>
      </datafield>
      <datafield tag="100" ind1="1" ind2=" ">
         <subfield code="a">Rojas, Fernando de,</subfield>
         <subfield code="d">asi 1470-1541</subfield>
         <subfield code="7">jn19990210535</subfield>
         <subfield code="4">aut</subfield>
      </datafield>
      <datafield tag="245" ind1="1" ind2="0">
         <subfield code="a">Celestina /</subfield>
         <subfield code="c">Fernando de Rojas ; [Ze špan. orig. La Celestina přel., předmluvu "Celestina a její autor" a vysvětlivky naps. Eduard Hodoušek]</subfield>
      </datafield>
      <datafield tag="250" ind1=" " ind2=" ">
         <subfield code="a">1. vyd.</subfield>
      </datafield>
      <datafield tag="260" ind1=" " ind2=" ">
         <subfield code="a">Praha :</subfield>
         <subfield code="b">SNKLHU,</subfield>
         <subfield code="c">1956</subfield>
         <subfield code="f">(Práce)</subfield>
      </datafield>
      <datafield tag="300" ind1=" " ind2=" ">
         <subfield code="a">391, [4] s. ;</subfield>
         <subfield code="c">8°</subfield>
      </datafield>
      <datafield tag="490" ind1="1" ind2=" ">
         <subfield code="a">Světová četba ;</subfield>
         <subfield code="v">Sv. 126</subfield>
      </datafield>
      <datafield tag="500" ind1=" " ind2=" ">
         <subfield code="a">3300 výt.</subfield>
      </datafield>
      <datafield tag="520" ind1=" " ind2=" ">
         <subfield code="a">Na samém předělu století za složitých politických, náboženských a kulturních poměrů ve Španělsku, vyšel po prvé (r. 1499) tento román v dialozích pod názvem "Komedie o Kalistu a Melibeji". Je to příběh lásky dvou milenců ze šlechtickych rodů, z nichž Kalisto přichází o život náhodou a Melibea následuje ve smrti svého milence dobrovolně. Hrdinkou díla je však postava Celestiny, kuplířky a čarodějky, jejíž nesmírná lačnost po penězích zaviní mnohá neštěstí a nakonec zahubí i ji samotnou. "Celestina" zachycuje realisticky typické postavy několika vrstev tehdejší společnosti a je živým obrazem své doby. Dílo patří k zakladním kamenům španělské literatury.</subfield>
      </datafield>
      <datafield tag="830" ind1=" " ind2="0">
         <subfield code="a">Světová četba (SNKLHU)</subfield>
      </datafield>
      <datafield tag="910" ind1=" " ind2=" ">
         <subfield code="a">ABA001</subfield>
      </datafield>
      <datafield tag="964" ind1=" " ind2=" ">
         <subfield code="a">Divadelní hry</subfield>
      </datafield>
      <datafield tag="ITM" ind1=" " ind2=" ">
         <subfield code="b">1002193627</subfield>
         <subfield code="c">I 104402</subfield>
         <subfield code="d"/>
         <subfield code="v"/>
         <subfield code="i"/>
         <subfield code="y"/>
      </datafield>
      <controlfield tag="SYS">000721142</controlfield>
   </record>