
   <record>
      <leader>     nam a22     1  4500</leader>
      <controlfield tag="FMT">BK</controlfield>
      <controlfield tag="001">bk193702093</controlfield>
      <controlfield tag="003">CZ PrNK</controlfield>
      <controlfield tag="005">20130801132906.0</controlfield>
      <controlfield tag="007">ta</controlfield>
      <controlfield tag="008">990307s1937    xr afh        000 | cze</controlfield>
      <datafield tag="015" ind1=" " ind2=" ">
         <subfield code="a">cnb000747368</subfield>
      </datafield>
      <datafield tag="020" ind1=" " ind2=" ">
         <subfield code="q">(Brož.) :</subfield>
         <subfield code="c">Kč 16,00</subfield>
      </datafield>
      <datafield tag="035" ind1=" " ind2=" ">
         <subfield code="a">(OCoLC)85575421</subfield>
      </datafield>
      <datafield tag="040" ind1=" " ind2=" ">
         <subfield code="a">ABA001</subfield>
         <subfield code="b">cze</subfield>
         <subfield code="c">CBA001</subfield>
         <subfield code="d">ABA001</subfield>
      </datafield>
      <datafield tag="043" ind1=" " ind2=" ">
         <subfield code="a">e-xr---</subfield>
         <subfield code="b">e-xr-zl</subfield>
         <subfield code="2">czenas</subfield>
      </datafield>
      <datafield tag="072" ind1=" " ind2="7">
         <subfield code="a">929</subfield>
         <subfield code="x">Biografie</subfield>
         <subfield code="2">Konspekt</subfield>
         <subfield code="9">8</subfield>
      </datafield>
      <datafield tag="080" ind1=" " ind2=" ">
         <subfield code="a">92 Kalus, J.</subfield>
         <subfield code="2">undef</subfield>
      </datafield>
      <datafield tag="080" ind1=" " ind2=" ">
         <subfield code="a">(437.323)</subfield>
         <subfield code="2">MRF</subfield>
      </datafield>
      <datafield tag="080" ind1=" " ind2=" ">
         <subfield code="a">(092)</subfield>
         <subfield code="2">MRF</subfield>
      </datafield>
      <datafield tag="080" ind1=" " ind2=" ">
         <subfield code="a">(0:82-94)</subfield>
         <subfield code="2">MRF</subfield>
      </datafield>
      <datafield tag="100" ind1="1" ind2=" ">
         <subfield code="a">Kalus, Josef,</subfield>
         <subfield code="d">1855-1934</subfield>
         <subfield code="7">jk01052742</subfield>
         <subfield code="4">aut</subfield>
      </datafield>
      <datafield tag="245" ind1="1" ind2="0">
         <subfield code="a">Vzpomínky.</subfield>
         <subfield code="n">II.</subfield>
         <subfield code="p">Vzpomínky intimní a literární /</subfield>
         <subfield code="c">Josef Kalus ; [báseň "Na frenštátském hřbitově" napsal Jaroslav Šulc]</subfield>
      </datafield>
      <datafield tag="246" ind1="3" ind2="0">
         <subfield code="a">Vzpomínky intimní a literární</subfield>
      </datafield>
      <datafield tag="260" ind1=" " ind2=" ">
         <subfield code="a">Přerov :</subfield>
         <subfield code="b">Edice Valašsko,</subfield>
         <subfield code="c">1937</subfield>
      </datafield>
      <datafield tag="300" ind1=" " ind2=" ">
         <subfield code="a">104 s., [8] l. obr. příl. :</subfield>
         <subfield code="b">il. ;</subfield>
         <subfield code="c">21 cm</subfield>
      </datafield>
      <datafield tag="490" ind1="1" ind2=" ">
         <subfield code="a">Edice Valašsko ;</subfield>
         <subfield code="v">sv. 3</subfield>
      </datafield>
      <datafield tag="500" ind1=" " ind2=" ">
         <subfield code="a">Tři perokresby od akad. malíře a sochaře Jana Knebla</subfield>
      </datafield>
      <datafield tag="500" ind1=" " ind2=" ">
         <subfield code="a">Reprodukce akvarelu "Čeladenské údolí" od malíře L. Parmy</subfield>
      </datafield>
      <datafield tag="500" ind1=" " ind2=" ">
         <subfield code="a">Kresba básníka z roku 1901 od akadem. malíře Jana Michny</subfield>
      </datafield>
      <datafield tag="504" ind1=" " ind2=" ">
         <subfield code="a">Obsahuje bibliografii</subfield>
      </datafield>
      <datafield tag="651" ind1=" " ind2="7">
         <subfield code="a">Moravskoslezský kraj (Česko : 2000-)</subfield>
         <subfield code="7">ge136510</subfield>
         <subfield code="2">czenas</subfield>
      </datafield>
      <datafield tag="651" ind1=" " ind2="7">
         <subfield code="a">Zlínský kraj (Česko : 2000-)</subfield>
         <subfield code="7">ge134376</subfield>
         <subfield code="2">czenas</subfield>
      </datafield>
      <datafield tag="651" ind1=" " ind2="7">
         <subfield code="a">Valašsko (Česko)</subfield>
         <subfield code="7">ge131229</subfield>
         <subfield code="2">czenas</subfield>
      </datafield>
      <datafield tag="653" ind1="0" ind2=" ">
         <subfield code="a">čeští spisovatelé</subfield>
         <subfield code="a">čeští básníci</subfield>
         <subfield code="a">čeští pedagogové</subfield>
         <subfield code="a">valašské osobnosti</subfield>
         <subfield code="a">osobnosti regionu</subfield>
      </datafield>
      <datafield tag="655" ind1=" " ind2="7">
         <subfield code="a">autobiografie</subfield>
         <subfield code="7">fd131855</subfield>
         <subfield code="2">czenas</subfield>
      </datafield>
      <datafield tag="655" ind1=" " ind2="7">
         <subfield code="a">autobiografické vzpomínky</subfield>
         <subfield code="7">fd131854</subfield>
         <subfield code="2">czenas</subfield>
      </datafield>
      <datafield tag="830" ind1=" " ind2="0">
         <subfield code="a">Edice Valašsko</subfield>
      </datafield>
      <datafield tag="910" ind1=" " ind2=" ">
         <subfield code="a">ABA001</subfield>
      </datafield>
      <datafield tag="ITM" ind1=" " ind2=" ">
         <subfield code="b">1002824560</subfield>
         <subfield code="c">II 003630/[Díl] 2</subfield>
         <subfield code="d"/>
         <subfield code="v"/>
         <subfield code="i"/>
         <subfield code="y"/>
      </datafield>
      <controlfield tag="SYS">000747368</controlfield>
   </record>