
   <record>
      <leader>     nam a22     1  4500</leader>
      <controlfield tag="FMT">BK</controlfield>
      <controlfield tag="001">bk193900538</controlfield>
      <controlfield tag="003">CZ PrNK</controlfield>
      <controlfield tag="005">19990114000000.0</controlfield>
      <controlfield tag="008">990114s1939    xr                  cze</controlfield>
      <datafield tag="015" ind1=" " ind2=" ">
         <subfield code="a">cnb000751133</subfield>
      </datafield>
      <datafield tag="035" ind1=" " ind2=" ">
         <subfield code="a">(OCoLC)85602949</subfield>
      </datafield>
      <datafield tag="040" ind1=" " ind2=" ">
         <subfield code="a">ABA001</subfield>
         <subfield code="b">cze</subfield>
         <subfield code="c">KLG001</subfield>
         <subfield code="d">ABA001</subfield>
      </datafield>
      <datafield tag="100" ind1="1" ind2=" ">
         <subfield code="a">Dobrovolný, Bohumil,</subfield>
         <subfield code="d">1906-1990</subfield>
         <subfield code="7">jk01022456</subfield>
         <subfield code="4">aut</subfield>
      </datafield>
      <datafield tag="245" ind1="1" ind2="0">
         <subfield code="a">Strojní obrábění :</subfield>
         <subfield code="b">Nástroje ... : Pojednání o práci, výrobě a konstrukci nástrojů pro všechny druhy obráběcích strojů, podle dnešního stavu techniky, určené pro dílenské praktiky i technické kanceláře /</subfield>
         <subfield code="c">Bohumil Dobrovolný</subfield>
      </datafield>
      <datafield tag="250" ind1=" " ind2=" ">
         <subfield code="a">II. vydání</subfield>
      </datafield>
      <datafield tag="260" ind1=" " ind2=" ">
         <subfield code="a">Praha :</subfield>
         <subfield code="b">Jos. Hokr,</subfield>
         <subfield code="c">1939</subfield>
         <subfield code="f">(Tempo)</subfield>
      </datafield>
      <datafield tag="300" ind1=" " ind2=" ">
         <subfield code="a">178 - [VIII] s. ;</subfield>
         <subfield code="c">8°</subfield>
      </datafield>
      <datafield tag="490" ind1="1" ind2=" ">
         <subfield code="a">Hokrovy technické a dílenské příručky ;</subfield>
         <subfield code="v">Sv. 2</subfield>
      </datafield>
      <datafield tag="500" ind1=" " ind2=" ">
         <subfield code="a">Se 160 názornými obrázky a diagramy</subfield>
      </datafield>
      <datafield tag="830" ind1=" " ind2="0">
         <subfield code="a">Hokrovy technické a dílenské příručky</subfield>
      </datafield>
      <datafield tag="910" ind1=" " ind2=" ">
         <subfield code="a">ABA001</subfield>
      </datafield>
      <datafield tag="ITM" ind1=" " ind2=" ">
         <subfield code="b">1001896747</subfield>
         <subfield code="c">I 011025</subfield>
         <subfield code="d"/>
         <subfield code="v"/>
         <subfield code="i"/>
         <subfield code="y"/>
      </datafield>
      <controlfield tag="SYS">000751133</controlfield>
   </record>