
   <record>
      <leader>     nam a22      a 4500</leader>
      <controlfield tag="FMT">BK</controlfield>
      <controlfield tag="001">cpk19990771041</controlfield>
      <controlfield tag="003">CZ PrNK</controlfield>
      <controlfield tag="005">20110614151754.0</controlfield>
      <controlfield tag="007">tu</controlfield>
      <controlfield tag="008">991124s1999    xr f   c      000 j cze</controlfield>
      <datafield tag="015" ind1=" " ind2=" ">
         <subfield code="a">cnb000771041</subfield>
      </datafield>
      <datafield tag="020" ind1=" " ind2=" ">
         <subfield code="a">80-00-00747-9</subfield>
         <subfield code="q">(váz.) :</subfield>
         <subfield code="c">Kč 115,00; pro členy KMČ Kč 100,00</subfield>
      </datafield>
      <datafield tag="035" ind1=" " ind2=" ">
         <subfield code="a">(OCoLC)43807666</subfield>
      </datafield>
      <datafield tag="040" ind1=" " ind2=" ">
         <subfield code="a">ABA001</subfield>
         <subfield code="b">cze</subfield>
      </datafield>
      <datafield tag="072" ind1=" " ind2="7">
         <subfield code="a">821.162.3-3</subfield>
         <subfield code="x">Česká próza</subfield>
         <subfield code="2">Konspekt</subfield>
         <subfield code="9">25</subfield>
      </datafield>
      <datafield tag="072" ind1=" " ind2="7">
         <subfield code="a">821-93</subfield>
         <subfield code="x">Literatura pro děti a mládež (beletrie)</subfield>
         <subfield code="2">Konspekt</subfield>
         <subfield code="9">26</subfield>
      </datafield>
      <datafield tag="080" ind1=" " ind2=" ">
         <subfield code="a">821.162.3-32</subfield>
         <subfield code="2">MRF</subfield>
      </datafield>
      <datafield tag="080" ind1=" " ind2=" ">
         <subfield code="a">82-93</subfield>
         <subfield code="2">MRF</subfield>
      </datafield>
      <datafield tag="100" ind1="1" ind2=" ">
         <subfield code="a">Procházka, Jan,</subfield>
         <subfield code="d">1929-1971</subfield>
         <subfield code="7">jk01101145</subfield>
         <subfield code="4">aut</subfield>
      </datafield>
      <datafield tag="245" ind1="1" ind2="0">
         <subfield code="a">Městem chodí Mikuláš /</subfield>
         <subfield code="c">Jan Procházka</subfield>
      </datafield>
      <datafield tag="250" ind1=" " ind2=" ">
         <subfield code="a">1. vyd.</subfield>
      </datafield>
      <datafield tag="260" ind1=" " ind2=" ">
         <subfield code="a">Praha :</subfield>
         <subfield code="b">Albatros,</subfield>
         <subfield code="c">1999</subfield>
      </datafield>
      <datafield tag="300" ind1=" " ind2=" ">
         <subfield code="a">59 s., [8] s. barev. obr. příl. ;</subfield>
         <subfield code="c">20 cm</subfield>
      </datafield>
      <datafield tag="490" ind1="1" ind2=" ">
         <subfield code="a">Klub mladých čtenářů</subfield>
      </datafield>
      <datafield tag="521" ind1=" " ind2=" ">
         <subfield code="a">Pro čtenáře od 10 let</subfield>
      </datafield>
      <datafield tag="655" ind1=" " ind2="7">
         <subfield code="a">české povídky</subfield>
         <subfield code="7">fd133971</subfield>
         <subfield code="2">czenas</subfield>
      </datafield>
      <datafield tag="655" ind1=" " ind2="7">
         <subfield code="a">publikace pro mládež</subfield>
         <subfield code="7">fd133157</subfield>
         <subfield code="2">czenas</subfield>
      </datafield>
      <datafield tag="655" ind1=" " ind2="9">
         <subfield code="a">Children's stories, Czech</subfield>
         <subfield code="2">eczenas</subfield>
      </datafield>
      <datafield tag="655" ind1=" " ind2="9">
         <subfield code="a">Short stories, Czech</subfield>
         <subfield code="2">eczenas</subfield>
      </datafield>
      <datafield tag="830" ind1=" " ind2="0">
         <subfield code="a">Klub mladých čtenářů</subfield>
      </datafield>
      <datafield tag="910" ind1=" " ind2=" ">
         <subfield code="a">ABA001</subfield>
      </datafield>
      <datafield tag="ITM" ind1=" " ind2=" ">
         <subfield code="b">1000430071</subfield>
         <subfield code="c">I 383633</subfield>
         <subfield code="d"/>
         <subfield code="v"/>
         <subfield code="i"/>
         <subfield code="y"/>
      </datafield>
      <controlfield tag="SYS">000771041</controlfield>
   </record>