
   <record>
      <leader>     nam a22      aa4500</leader>
      <controlfield tag="FMT">BK</controlfield>
      <controlfield tag="001">cpk19990782067</controlfield>
      <controlfield tag="003">CZ PrNK</controlfield>
      <controlfield tag="005">20131025071346.0</controlfield>
      <controlfield tag="007">ta</controlfield>
      <controlfield tag="008">990701m19662011xr fh         000 | cze</controlfield>
      <datafield tag="015" ind1=" " ind2=" ">
         <subfield code="a">cnb000782067</subfield>
         <subfield code="z">cnb002222483</subfield>
      </datafield>
      <datafield tag="020" ind1=" " ind2=" ">
         <subfield code="a">978-80-200-1986-8</subfield>
         <subfield code="q">(dodatky ;</subfield>
         <subfield code="q">váz.)</subfield>
      </datafield>
      <datafield tag="035" ind1=" " ind2=" ">
         <subfield code="a">(OCoLC)28775460</subfield>
      </datafield>
      <datafield tag="040" ind1=" " ind2=" ">
         <subfield code="a">ABA001</subfield>
         <subfield code="b">cze</subfield>
         <subfield code="d">OLA001</subfield>
      </datafield>
      <datafield tag="041" ind1="0" ind2=" ">
         <subfield code="a">cze</subfield>
         <subfield code="a">lat</subfield>
      </datafield>
      <datafield tag="043" ind1=" " ind2=" ">
         <subfield code="a">e-xr---</subfield>
      </datafield>
      <datafield tag="045" ind1=" " ind2=" ">
         <subfield code="a">s-u-</subfield>
      </datafield>
      <datafield tag="072" ind1=" " ind2="7">
         <subfield code="a">821.124-1</subfield>
         <subfield code="x">Latinská poezie, latinsky psaná</subfield>
         <subfield code="2">Konspekt</subfield>
         <subfield code="9">25</subfield>
      </datafield>
      <datafield tag="080" ind1=" " ind2=" ">
         <subfield code="a">821.124'04-1</subfield>
         <subfield code="2">MRF</subfield>
      </datafield>
      <datafield tag="080" ind1=" " ind2=" ">
         <subfield code="a">821.124-1</subfield>
         <subfield code="2">MRF</subfield>
      </datafield>
      <datafield tag="080" ind1=" " ind2=" ">
         <subfield code="a">821.14-1</subfield>
         <subfield code="2">MRF</subfield>
      </datafield>
      <datafield tag="080" ind1=" " ind2=" ">
         <subfield code="a">82.02"13/15"</subfield>
         <subfield code="2">MRF</subfield>
      </datafield>
      <datafield tag="080" ind1=" " ind2=" ">
         <subfield code="a">(437.3)</subfield>
         <subfield code="2">MRF</subfield>
      </datafield>
      <datafield tag="080" ind1=" " ind2=" ">
         <subfield code="a">(035)</subfield>
         <subfield code="2">MRF</subfield>
      </datafield>
      <datafield tag="080" ind1=" " ind2=" ">
         <subfield code="a">(031)</subfield>
         <subfield code="2">MRF</subfield>
      </datafield>
      <datafield tag="245" ind1="0" ind2="0">
         <subfield code="a">Rukověť humanistického básnictví v Čechách a na Moravě =</subfield>
         <subfield code="b">Enchiridion renatae poesis Latinae in Bohemia et Moravia cultae /</subfield>
         <subfield code="c">založili Antonín Truhlář a Karel Hrdina ; pokračovali Josef Hejnic a Jan Martínek</subfield>
      </datafield>
      <datafield tag="246" ind1="3" ind2="1">
         <subfield code="a">Enchiridion renatae poesis Latinae in Bohemia et Moravia Cultae</subfield>
      </datafield>
      <datafield tag="246" ind1="1" ind2="5">
         <subfield code="a">Rukověť humanistického básnictví v Čechách a na Moravě od konce 15. do začátku 17. století</subfield>
      </datafield>
      <datafield tag="250" ind1=" " ind2=" ">
         <subfield code="a">1. vyd.</subfield>
      </datafield>
      <datafield tag="260" ind1=" " ind2=" ">
         <subfield code="a">Praha :</subfield>
         <subfield code="b">Academia,</subfield>
         <subfield code="c">1966-2011</subfield>
      </datafield>
      <datafield tag="300" ind1=" " ind2=" ">
         <subfield code="a">6 sv. :</subfield>
         <subfield code="b">faksim. ;</subfield>
         <subfield code="c">25 cm</subfield>
      </datafield>
      <datafield tag="500" ind1=" " ind2=" ">
         <subfield code="a">Souběžná latinská tit. s.</subfield>
      </datafield>
      <datafield tag="505" ind1="0" ind2=" ">
         <subfield code="a">1. A-C. 1966. 530 s., 16 s. obr. příl. -- 2. Č-J. 1966. 490 s., 16 s. obr. příl. -- 3. K-M .1969. 404 s., 16 s. obr. příl. -- 4. N-Ř. 1973. 391 s., 16 s. obr. příl. -- 5. S-Ž. 1982. 603 s., 16 s. obr. příl. -- 6. dodatky A-Ž. 2011. 334 s., 16 s. obr. příl.</subfield>
      </datafield>
      <datafield tag="546" ind1=" " ind2=" ">
         <subfield code="a">Část. latinský text</subfield>
      </datafield>
      <datafield tag="648" ind1=" " ind2="7">
         <subfield code="a">15.-17. století</subfield>
         <subfield code="7">ch757036</subfield>
         <subfield code="2">czenas</subfield>
      </datafield>
      <datafield tag="648" ind1=" " ind2="7">
         <subfield code="a">15.-16. století</subfield>
         <subfield code="7">ch757034</subfield>
         <subfield code="2">czenas</subfield>
      </datafield>
      <datafield tag="648" ind1=" " ind2="7">
         <subfield code="a">16.-17. století</subfield>
         <subfield code="7">ch757028</subfield>
         <subfield code="2">czenas</subfield>
      </datafield>
      <datafield tag="650" ind1="0" ind2="7">
         <subfield code="a">latinská středověká poezie</subfield>
         <subfield code="7">ph122201</subfield>
         <subfield code="z">Česko</subfield>
         <subfield code="y">15.-16. století</subfield>
         <subfield code="2">czenas</subfield>
      </datafield>
      <datafield tag="650" ind1="0" ind2="7">
         <subfield code="a">latinsky psaná poezie</subfield>
         <subfield code="7">ph122194</subfield>
         <subfield code="z">Česko</subfield>
         <subfield code="y">16.-17. století</subfield>
         <subfield code="2">czenas</subfield>
      </datafield>
      <datafield tag="650" ind1="0" ind2="7">
         <subfield code="a">řecká poezie</subfield>
         <subfield code="7">ph128259</subfield>
         <subfield code="z">Česko</subfield>
         <subfield code="y">15.-17. století</subfield>
         <subfield code="2">czenas</subfield>
      </datafield>
      <datafield tag="650" ind1="0" ind2="7">
         <subfield code="a">humanismus (literatura)</subfield>
         <subfield code="7">ph120940</subfield>
         <subfield code="z">Česko</subfield>
         <subfield code="y">15.-17. století</subfield>
         <subfield code="2">czenas</subfield>
      </datafield>
      <datafield tag="655" ind1=" " ind2="7">
         <subfield code="a">příručky</subfield>
         <subfield code="7">fd133209</subfield>
         <subfield code="2">czenas</subfield>
      </datafield>
      <datafield tag="655" ind1=" " ind2="7">
         <subfield code="a">slovníky</subfield>
         <subfield code="7">fd133454</subfield>
         <subfield code="2">czenas</subfield>
      </datafield>
      <datafield tag="700" ind1="1" ind2=" ">
         <subfield code="a">Truhlář, Antonín,</subfield>
         <subfield code="d">1849-1908</subfield>
         <subfield code="7">jk01140234</subfield>
         <subfield code="4">edt</subfield>
      </datafield>
      <datafield tag="700" ind1="1" ind2=" ">
         <subfield code="a">Hrdina, Karel,</subfield>
         <subfield code="d">1882-1949</subfield>
         <subfield code="7">jk01042726</subfield>
         <subfield code="4">edt</subfield>
      </datafield>
      <datafield tag="700" ind1="1" ind2=" ">
         <subfield code="a">Hejnic, Josef,</subfield>
         <subfield code="d">1924-</subfield>
         <subfield code="7">jk01040581</subfield>
         <subfield code="4">edt</subfield>
      </datafield>
      <datafield tag="700" ind1="1" ind2=" ">
         <subfield code="a">Martínek, Jan,</subfield>
         <subfield code="d">1924-2014</subfield>
         <subfield code="7">jk01080345</subfield>
         <subfield code="4">edt</subfield>
      </datafield>
      <datafield tag="856" ind1="4" ind2="1">
         <subfield code="u">http://kramerius4.nkp.cz/search/handle/uuid:2b9cda40-9c51-11e2-9a08-005056827e52</subfield>
         <subfield code="y">Digitalizovaný dokument</subfield>
         <subfield code="z">Sv. 1, A-C</subfield>
      </datafield>
      <datafield tag="856" ind1="4" ind2="1">
         <subfield code="u">http://kramerius4.nkp.cz/search/handle/uuid:2f3199c0-9c51-11e2-9a9f-005056827e51</subfield>
         <subfield code="y">Digitalizovaný dokument</subfield>
         <subfield code="z">Sv. 2, Č-J</subfield>
      </datafield>
      <datafield tag="856" ind1="4" ind2="1">
         <subfield code="u">http://kramerius4.nkp.cz/search/handle/uuid:0147c8c0-9c4e-11e2-9a08-005056827e52</subfield>
         <subfield code="y">Digitalizovaný dokument</subfield>
         <subfield code="z">Sv. 3, K-M</subfield>
      </datafield>
      <datafield tag="856" ind1="4" ind2="1">
         <subfield code="u">http://kramerius4.nkp.cz/search/handle/uuid:25908ee0-d1b6-11e2-8f90-005056827e51</subfield>
         <subfield code="y">Digitalizovaný dokument</subfield>
         <subfield code="z">Sv. 5, S-Ž</subfield>
      </datafield>
      <datafield tag="910" ind1=" " ind2=" ">
         <subfield code="a">ABA001</subfield>
      </datafield>
      <datafield tag="ITM" ind1=" " ind2=" ">
         <subfield code="b">1002654112</subfield>
         <subfield code="c">II 061599/[Sv.] 4</subfield>
         <subfield code="d">Sv. 4. N-Ř</subfield>
         <subfield code="v">4</subfield>
         <subfield code="i"/>
         <subfield code="y"/>
      </datafield>
      <controlfield tag="SYS">000782067</controlfield>
   </record>