
   <record>
      <leader>     nam a22       a4500</leader>
      <controlfield tag="FMT">BK</controlfield>
      <controlfield tag="001">vsIII/490597a</controlfield>
      <controlfield tag="003">CZ PrNK</controlfield>
      <controlfield tag="005">20160310150606.0</controlfield>
      <controlfield tag="007">ta</controlfield>
      <controlfield tag="008">940421m19671974xr           |0|1 0 cze</controlfield>
      <datafield tag="015" ind1=" " ind2=" ">
         <subfield code="a">cnb000836277</subfield>
      </datafield>
      <datafield tag="020" ind1=" " ind2=" ">
         <subfield code="q">(Váz.) :</subfield>
         <subfield code="c">Kčs 34,00 [Díl 1 ]</subfield>
      </datafield>
      <datafield tag="040" ind1=" " ind2=" ">
         <subfield code="a">ABA001</subfield>
         <subfield code="b">cze</subfield>
         <subfield code="d">ABA001</subfield>
      </datafield>
      <datafield tag="080" ind1=" " ind2=" ">
         <subfield code="a">53.082(075.8)</subfield>
         <subfield code="2">undef</subfield>
      </datafield>
      <datafield tag="100" ind1="1" ind2=" ">
         <subfield code="a">Brož, Jaromír,</subfield>
         <subfield code="d">1908-1990</subfield>
         <subfield code="7">jk01013204</subfield>
         <subfield code="4">aut</subfield>
      </datafield>
      <datafield tag="245" ind1="1" ind2="0">
         <subfield code="a">Základy fysikálních měření :</subfield>
         <subfield code="b">[vysokošk. učebnice] /</subfield>
         <subfield code="c">Jaromír Brož a kol. ; [obr. Jan Volejník ; fot. Bohuslav Parbus]</subfield>
      </datafield>
      <datafield tag="250" ind1=" " ind2=" ">
         <subfield code="a">1. vyd</subfield>
      </datafield>
      <datafield tag="260" ind1=" " ind2=" ">
         <subfield code="a">Praha :</subfield>
         <subfield code="b">SPN,</subfield>
         <subfield code="c">1967-1974</subfield>
      </datafield>
      <datafield tag="300" ind1=" " ind2=" ">
         <subfield code="a">3 sv. :</subfield>
         <subfield code="b">il. ;</subfield>
         <subfield code="c">24 cm</subfield>
      </datafield>
      <datafield tag="490" ind1="1" ind2=" ">
         <subfield code="a">Učebnice pro vys. školy</subfield>
      </datafield>
      <datafield tag="505" ind1="0" ind2=" ">
         <subfield code="a">1. díl 1967. 523 s. -- 2. [díl]. Část A: 1974. 295 s. -- 2. díl. Část B: 1974. S. 301-756.</subfield>
      </datafield>
      <datafield tag="700" ind1="1" ind2=" ">
         <subfield code="a">Volejník, Jan</subfield>
         <subfield code="7">jx20040729039</subfield>
         <subfield code="4">ill</subfield>
      </datafield>
      <datafield tag="700" ind1="1" ind2=" ">
         <subfield code="a">Parbus, Bohuslav</subfield>
         <subfield code="4">pht</subfield>
      </datafield>
      <datafield tag="830" ind1=" " ind2="0">
         <subfield code="a">Učebnice pro vys. školy</subfield>
      </datafield>
      <datafield tag="910" ind1=" " ind2=" ">
         <subfield code="a">ABA001</subfield>
      </datafield>
      <datafield tag="964" ind1=" " ind2=" ">
         <subfield code="a">Měření fyzikální - příručky vysokoškol.</subfield>
      </datafield>
      <datafield tag="964" ind1=" " ind2=" ">
         <subfield code="a">Fyzika - měření - metody - příručky vysokoškol.</subfield>
      </datafield>
      <datafield tag="ITM" ind1=" " ind2=" ">
         <subfield code="b">1002208219</subfield>
         <subfield code="c">II 066193/Díl 1</subfield>
         <subfield code="d">Díl 1</subfield>
         <subfield code="v">1</subfield>
         <subfield code="i"/>
         <subfield code="y"/>
      </datafield>
      <controlfield tag="SYS">000836277</controlfield>
   </record>