
   <record>
      <leader>     nam a22      a 4500</leader>
      <controlfield tag="FMT">BK</controlfield>
      <controlfield tag="001">cpk20010989643</controlfield>
      <controlfield tag="003">CZ PrNK</controlfield>
      <controlfield tag="005">20131031153749.0</controlfield>
      <controlfield tag="007">ta</controlfield>
      <controlfield tag="008">010321s1947    xr     e      001 0 cze</controlfield>
      <datafield tag="015" ind1=" " ind2=" ">
         <subfield code="a">cnb000989643</subfield>
      </datafield>
      <datafield tag="020" ind1=" " ind2=" ">
         <subfield code="q">(Váz.) :</subfield>
         <subfield code="c">Kčs 156,00</subfield>
      </datafield>
      <datafield tag="035" ind1=" " ind2=" ">
         <subfield code="a">(OCoLC)42414041</subfield>
      </datafield>
      <datafield tag="040" ind1=" " ind2=" ">
         <subfield code="a">ABA001</subfield>
         <subfield code="b">cze</subfield>
      </datafield>
      <datafield tag="043" ind1=" " ind2=" ">
         <subfield code="a">e------</subfield>
      </datafield>
      <datafield tag="072" ind1=" " ind2="7">
         <subfield code="a">321</subfield>
         <subfield code="x">Politologie</subfield>
         <subfield code="2">Konspekt</subfield>
         <subfield code="9">15</subfield>
      </datafield>
      <datafield tag="080" ind1=" " ind2=" ">
         <subfield code="a">321.7</subfield>
         <subfield code="2">MRF</subfield>
      </datafield>
      <datafield tag="080" ind1=" " ind2=" ">
         <subfield code="a">327</subfield>
         <subfield code="2">MRF</subfield>
      </datafield>
      <datafield tag="080" ind1=" " ind2=" ">
         <subfield code="a">(048.8)</subfield>
         <subfield code="2">MRF</subfield>
      </datafield>
      <datafield tag="100" ind1="1" ind2=" ">
         <subfield code="a">Beneš, Edvard,</subfield>
         <subfield code="d">1884-1948</subfield>
         <subfield code="7">jk01011576</subfield>
         <subfield code="4">aut</subfield>
      </datafield>
      <datafield tag="245" ind1="1" ind2="0">
         <subfield code="a">Demokracie dnes a zítra /</subfield>
         <subfield code="c">Edvard Beneš</subfield>
      </datafield>
      <datafield tag="250" ind1=" " ind2=" ">
         <subfield code="a">5. (4. české) vyd.</subfield>
      </datafield>
      <datafield tag="260" ind1=" " ind2=" ">
         <subfield code="a">Praha :</subfield>
         <subfield code="b">Čin,</subfield>
         <subfield code="c">1947</subfield>
         <subfield code="e">(V Českém Těšíně :</subfield>
         <subfield code="f">Svoboda)</subfield>
      </datafield>
      <datafield tag="300" ind1=" " ind2=" ">
         <subfield code="a">311 s. ;</subfield>
         <subfield code="c">22 cm</subfield>
      </datafield>
      <datafield tag="500" ind1=" " ind2=" ">
         <subfield code="a">5000 výt.</subfield>
      </datafield>
      <datafield tag="500" ind1=" " ind2=" ">
         <subfield code="a">Obsahuje rejstřík</subfield>
      </datafield>
      <datafield tag="648" ind1=" " ind2="7">
         <subfield code="a">1918-1938</subfield>
         <subfield code="7">ch460648</subfield>
         <subfield code="2">czenas</subfield>
      </datafield>
      <datafield tag="650" ind1="0" ind2="7">
         <subfield code="a">světová politika</subfield>
         <subfield code="7">ph126325</subfield>
         <subfield code="2">czenas</subfield>
      </datafield>
      <datafield tag="650" ind1="0" ind2="7">
         <subfield code="a">demokracie</subfield>
         <subfield code="7">ph117182</subfield>
         <subfield code="2">czenas</subfield>
      </datafield>
      <datafield tag="651" ind1=" " ind2="7">
         <subfield code="a">Evropa</subfield>
         <subfield code="7">ge137210</subfield>
         <subfield code="x">mezinárodní vztahy</subfield>
         <subfield code="y">1918-1938</subfield>
         <subfield code="2">czenas</subfield>
      </datafield>
      <datafield tag="655" ind1=" " ind2="7">
         <subfield code="a">studie</subfield>
         <subfield code="7">fd133597</subfield>
         <subfield code="2">czenas</subfield>
      </datafield>
      <datafield tag="910" ind1=" " ind2=" ">
         <subfield code="a">ABA001</subfield>
      </datafield>
      <datafield tag="964" ind1=" " ind2=" ">
         <subfield code="a">Demokracie - Evropa - vývoj - stol. 20.</subfield>
      </datafield>
      <datafield tag="ITM" ind1=" " ind2=" ">
         <subfield code="b">1001318156</subfield>
         <subfield code="c">II 161301</subfield>
         <subfield code="d"/>
         <subfield code="v"/>
         <subfield code="i"/>
         <subfield code="y"/>
      </datafield>
      <controlfield tag="SYS">000989643</controlfield>
   </record>