
   <record>
      <leader>     nam a22      a 4500</leader>
      <controlfield tag="FMT">BK</controlfield>
      <controlfield tag="001">cpk20021034530</controlfield>
      <controlfield tag="003">CZ PrNK</controlfield>
      <controlfield tag="005">20020124000000.0</controlfield>
      <controlfield tag="007">tu</controlfield>
      <controlfield tag="008">020114s2001    xr ac  e      000 mdcze</controlfield>
      <datafield tag="015" ind1=" " ind2=" ">
         <subfield code="a">cnb001034530</subfield>
      </datafield>
      <datafield tag="020" ind1=" " ind2=" ">
         <subfield code="a">80-7243-133-1</subfield>
         <subfield code="q">(váz.) :</subfield>
         <subfield code="c">Kč 214,00</subfield>
      </datafield>
      <datafield tag="035" ind1=" " ind2=" ">
         <subfield code="a">(OCoLC)50346425</subfield>
      </datafield>
      <datafield tag="040" ind1=" " ind2=" ">
         <subfield code="a">ABA001</subfield>
         <subfield code="b">cze</subfield>
      </datafield>
      <datafield tag="041" ind1="1" ind2=" ">
         <subfield code="a">cze</subfield>
         <subfield code="h">ger</subfield>
      </datafield>
      <datafield tag="043" ind1=" " ind2=" ">
         <subfield code="a">n-us---</subfield>
      </datafield>
      <datafield tag="072" ind1=" " ind2="7">
         <subfield code="a">929</subfield>
         <subfield code="x">Biografie</subfield>
         <subfield code="2">Konspekt</subfield>
         <subfield code="9">8</subfield>
      </datafield>
      <datafield tag="080" ind1=" " ind2=" ">
         <subfield code="a">929</subfield>
         <subfield code="2">MRF</subfield>
      </datafield>
      <datafield tag="080" ind1=" " ind2=" ">
         <subfield code="a">32-051</subfield>
         <subfield code="2">MRF</subfield>
      </datafield>
      <datafield tag="080" ind1=" " ind2=" ">
         <subfield code="a">(092)</subfield>
         <subfield code="2">MRF</subfield>
      </datafield>
      <datafield tag="245" ind1="0" ind2="0">
         <subfield code="a">První dámy Ameriky :</subfield>
         <subfield code="b">od Marthy Washingtonové po Hillary Clintonovou /</subfield>
         <subfield code="c">k vydání připravili Philipp Gassert a Christof Mauch ; [přeložil Rudolf Řežábek]</subfield>
      </datafield>
      <datafield tag="250" ind1=" " ind2=" ">
         <subfield code="a">Vyd. 1.</subfield>
      </datafield>
      <datafield tag="260" ind1=" " ind2=" ">
         <subfield code="a">Praha :</subfield>
         <subfield code="b">Brána,</subfield>
         <subfield code="c">2001</subfield>
      </datafield>
      <datafield tag="300" ind1=" " ind2=" ">
         <subfield code="a">253 s. :</subfield>
         <subfield code="b">il., portréty ;</subfield>
         <subfield code="c">21 cm</subfield>
      </datafield>
      <datafield tag="500" ind1=" " ind2=" ">
         <subfield code="a">Překlad z němčiny</subfield>
      </datafield>
      <datafield tag="500" ind1=" " ind2=" ">
         <subfield code="a">Chronologický přehled</subfield>
      </datafield>
      <datafield tag="650" ind1="0" ind2="7">
         <subfield code="a">manželky prezidentů</subfield>
         <subfield code="7">ph122619</subfield>
         <subfield code="z">Spojené státy americké</subfield>
         <subfield code="2">czenas</subfield>
      </datafield>
      <datafield tag="650" ind1="0" ind2="9">
         <subfield code="a">Presidents' spouses</subfield>
         <subfield code="z">United States</subfield>
         <subfield code="x">Biography</subfield>
         <subfield code="2">eczenas</subfield>
      </datafield>
      <datafield tag="655" ind1=" " ind2="7">
         <subfield code="a">biografie</subfield>
         <subfield code="7">fd131909</subfield>
         <subfield code="2">czenas</subfield>
      </datafield>
      <datafield tag="700" ind1="1" ind2=" ">
         <subfield code="a">Gassert, Philipp,</subfield>
         <subfield code="d">1965-</subfield>
         <subfield code="7">xx0000029</subfield>
         <subfield code="4">edt</subfield>
      </datafield>
      <datafield tag="700" ind1="1" ind2=" ">
         <subfield code="a">Mauch, Christof,</subfield>
         <subfield code="d">1960-</subfield>
         <subfield code="7">xx0000039</subfield>
         <subfield code="4">edt</subfield>
      </datafield>
      <datafield tag="700" ind1="1" ind2=" ">
         <subfield code="a">Řežábek, Rudolf</subfield>
         <subfield code="7">ola2003198081</subfield>
         <subfield code="4">trl</subfield>
      </datafield>
      <datafield tag="765" ind1="0" ind2=" ">
         <subfield code="t">Mrs. President</subfield>
         <subfield code="9">Česky</subfield>
      </datafield>
      <datafield tag="910" ind1=" " ind2=" ">
         <subfield code="a">ABA001</subfield>
      </datafield>
      <datafield tag="ITM" ind1=" " ind2=" ">
         <subfield code="b">1000969996</subfield>
         <subfield code="c">I 402340</subfield>
         <subfield code="d"/>
         <subfield code="v"/>
         <subfield code="i"/>
         <subfield code="y"/>
      </datafield>
      <controlfield tag="SYS">001034530</controlfield>
   </record>