
   <record>
      <leader>     nam a22      a 4500</leader>
      <controlfield tag="FMT">BK</controlfield>
      <controlfield tag="001">cpk20021036925</controlfield>
      <controlfield tag="003">CZ PrNK</controlfield>
      <controlfield tag="005">20070614144845.0</controlfield>
      <controlfield tag="007">tu</controlfield>
      <controlfield tag="008">020219s2001    xr acf b      000 j cze</controlfield>
      <datafield tag="015" ind1=" " ind2=" ">
         <subfield code="a">cnb001036925</subfield>
      </datafield>
      <datafield tag="020" ind1=" " ind2=" ">
         <subfield code="a">80-00-01015-1</subfield>
         <subfield code="q">(váz.) :</subfield>
         <subfield code="c">Kč 180,00 (pro členy KMČ Kč 148,00)</subfield>
      </datafield>
      <datafield tag="035" ind1=" " ind2=" ">
         <subfield code="a">(OCoLC)50341964</subfield>
      </datafield>
      <datafield tag="040" ind1=" " ind2=" ">
         <subfield code="a">ABA001</subfield>
         <subfield code="b">cze</subfield>
      </datafield>
      <datafield tag="072" ind1=" " ind2="7">
         <subfield code="a">821.162.3-3</subfield>
         <subfield code="x">Česká próza</subfield>
         <subfield code="2">Konspekt</subfield>
         <subfield code="9">25</subfield>
      </datafield>
      <datafield tag="072" ind1=" " ind2="7">
         <subfield code="a">821-93</subfield>
         <subfield code="x">Literatura pro děti a mládež (beletrie)</subfield>
         <subfield code="2">Konspekt</subfield>
         <subfield code="9">26</subfield>
      </datafield>
      <datafield tag="080" ind1=" " ind2=" ">
         <subfield code="a">821.162.3-32</subfield>
         <subfield code="2">MRF</subfield>
      </datafield>
      <datafield tag="080" ind1=" " ind2=" ">
         <subfield code="a">82-93</subfield>
         <subfield code="2">MRF</subfield>
      </datafield>
      <datafield tag="100" ind1="1" ind2=" ">
         <subfield code="a">Macourek, Miloš,</subfield>
         <subfield code="d">1926-2002</subfield>
         <subfield code="7">jk01072813</subfield>
         <subfield code="4">aut</subfield>
      </datafield>
      <datafield tag="245" ind1="1" ind2="0">
         <subfield code="a">Mach, Šebestová a kouzelné sluchátko /</subfield>
         <subfield code="c">Miloš Macourek ; podle stejnojmenného celovečerního filmu Miloše Macourka, Adolfa Borna a Václava Vorlíčka převyprávěl Pavel Sýkora ; [ilustroval Adolf Born ; doslov napsal Václav Vorlíček]</subfield>
      </datafield>
      <datafield tag="250" ind1=" " ind2=" ">
         <subfield code="a">1. vyd.</subfield>
      </datafield>
      <datafield tag="260" ind1=" " ind2=" ">
         <subfield code="a">Praha :</subfield>
         <subfield code="b">Albatros,</subfield>
         <subfield code="c">2001</subfield>
      </datafield>
      <datafield tag="300" ind1=" " ind2=" ">
         <subfield code="a">223 s., [32] s. barev. obr. příl. :</subfield>
         <subfield code="b">il., portréty ;</subfield>
         <subfield code="c">16 x 17 cm</subfield>
      </datafield>
      <datafield tag="490" ind1="1" ind2=" ">
         <subfield code="a">Klub mladých čtenářů</subfield>
      </datafield>
      <datafield tag="521" ind1=" " ind2=" ">
         <subfield code="a">Pro děti od 6 let</subfield>
      </datafield>
      <datafield tag="655" ind1=" " ind2="7">
         <subfield code="a">příběhy</subfield>
         <subfield code="7">fd133204</subfield>
         <subfield code="2">czenas</subfield>
      </datafield>
      <datafield tag="655" ind1=" " ind2="7">
         <subfield code="a">publikace pro děti</subfield>
         <subfield code="7">fd133156</subfield>
         <subfield code="2">czenas</subfield>
      </datafield>
      <datafield tag="655" ind1=" " ind2="9">
         <subfield code="a">Short stories, Czech</subfield>
         <subfield code="2">eczenas</subfield>
      </datafield>
      <datafield tag="655" ind1=" " ind2="9">
         <subfield code="a">Children's stories, Czech</subfield>
         <subfield code="2">eczenas</subfield>
      </datafield>
      <datafield tag="700" ind1="1" ind2=" ">
         <subfield code="a">Sýkora, Pavel,</subfield>
         <subfield code="d">1954-2005</subfield>
         <subfield code="7">xx0008401</subfield>
         <subfield code="4">oth</subfield>
      </datafield>
      <datafield tag="700" ind1="1" ind2=" ">
         <subfield code="a">Born, Adolf,</subfield>
         <subfield code="d">1930-</subfield>
         <subfield code="7">jk01012660</subfield>
         <subfield code="4">ill</subfield>
      </datafield>
      <datafield tag="700" ind1="1" ind2=" ">
         <subfield code="a">Vorlíček, Václav,</subfield>
         <subfield code="d">1930-</subfield>
         <subfield code="7">jk01150709</subfield>
         <subfield code="4">aft</subfield>
      </datafield>
      <datafield tag="830" ind1=" " ind2="0">
         <subfield code="a">Klub mladých čtenářů (Albatros)</subfield>
      </datafield>
      <datafield tag="910" ind1=" " ind2=" ">
         <subfield code="a">ABA001</subfield>
      </datafield>
      <datafield tag="ITM" ind1=" " ind2=" ">
         <subfield code="b">1000446830</subfield>
         <subfield code="c">I 402772</subfield>
         <subfield code="d"/>
         <subfield code="v"/>
         <subfield code="i"/>
         <subfield code="y"/>
      </datafield>
      <controlfield tag="SYS">001036925</controlfield>
   </record>