
   <record>
      <leader>     nam a22      a 4500</leader>
      <controlfield tag="FMT">BK</controlfield>
      <controlfield tag="001">cpk20031174505</controlfield>
      <controlfield tag="003">CZ PrNK</controlfield>
      <controlfield tag="005">20090114074900.0</controlfield>
      <controlfield tag="007">tu</controlfield>
      <controlfield tag="008">030429s2003    xr acf e      000 m cze</controlfield>
      <datafield tag="015" ind1=" " ind2=" ">
         <subfield code="a">cnb001174505</subfield>
      </datafield>
      <datafield tag="020" ind1=" " ind2=" ">
         <subfield code="a">80-7185-455-7</subfield>
         <subfield code="q">(váz.)</subfield>
      </datafield>
      <datafield tag="035" ind1=" " ind2=" ">
         <subfield code="a">(OCoLC)53261646</subfield>
      </datafield>
      <datafield tag="040" ind1=" " ind2=" ">
         <subfield code="a">ABA001</subfield>
         <subfield code="b">cze</subfield>
      </datafield>
      <datafield tag="041" ind1="1" ind2=" ">
         <subfield code="a">cze</subfield>
         <subfield code="h">lat</subfield>
         <subfield code="h">heb</subfield>
      </datafield>
      <datafield tag="045" ind1=" " ind2=" ">
         <subfield code="a">s-y0</subfield>
      </datafield>
      <datafield tag="072" ind1=" " ind2="7">
         <subfield code="a">2-23/-27</subfield>
         <subfield code="x">Bible. Biblistika</subfield>
         <subfield code="2">Konspekt</subfield>
         <subfield code="9">5</subfield>
      </datafield>
      <datafield tag="080" ind1=" " ind2=" ">
         <subfield code="a">27-243.67</subfield>
         <subfield code="2">MRF</subfield>
      </datafield>
      <datafield tag="080" ind1=" " ind2=" ">
         <subfield code="a">27-232/-236</subfield>
         <subfield code="2">MRF</subfield>
      </datafield>
      <datafield tag="080" ind1=" " ind2=" ">
         <subfield code="a">811.162.3'25</subfield>
         <subfield code="2">MRF</subfield>
      </datafield>
      <datafield tag="080" ind1=" " ind2=" ">
         <subfield code="a">821.162.3-1</subfield>
         <subfield code="2">MRF</subfield>
      </datafield>
      <datafield tag="130" ind1="0" ind2=" ">
         <subfield code="a">Bible.</subfield>
         <subfield code="p">Píseň písní.</subfield>
         <subfield code="l">Česky</subfield>
         <subfield code="7">unn2007431777</subfield>
      </datafield>
      <datafield tag="245" ind1="1" ind2="0">
         <subfield code="a">Píseň písní :</subfield>
         <subfield code="b">v českých překladech 15.-21. století /</subfield>
         <subfield code="c">[vybral, uspořádal a úvodní studii napsal Milan Balabán ; překlady Jan Hus ... et al.]</subfield>
      </datafield>
      <datafield tag="246" ind1="3" ind2=" ">
         <subfield code="a">Píseň písní v českých překladech 15.-21. století</subfield>
      </datafield>
      <datafield tag="250" ind1=" " ind2=" ">
         <subfield code="a">Vyd. v tomto souboru 1.</subfield>
      </datafield>
      <datafield tag="260" ind1=" " ind2=" ">
         <subfield code="a">Praha ;</subfield>
         <subfield code="a">Litomyšl :</subfield>
         <subfield code="b">Paseka,</subfield>
         <subfield code="c">2003</subfield>
      </datafield>
      <datafield tag="300" ind1=" " ind2=" ">
         <subfield code="a">197 s. ;</subfield>
         <subfield code="c">18 cm</subfield>
      </datafield>
      <datafield tag="490" ind1="1" ind2=" ">
         <subfield code="a">Klub přátel poezie. Výběrová řada</subfield>
      </datafield>
      <datafield tag="500" ind1=" " ind2=" ">
         <subfield code="a">Část. přeloženo z latinské verze hebrejského originálu</subfield>
      </datafield>
      <datafield tag="630" ind1="0" ind2="7">
         <subfield code="a">Bible.</subfield>
         <subfield code="p">Píseň písní</subfield>
         <subfield code="7">unn2006374760</subfield>
         <subfield code="2">czenas</subfield>
      </datafield>
      <datafield tag="630" ind1="0" ind2="9">
         <subfield code="a">Bible.</subfield>
         <subfield code="p">Song of Solomon</subfield>
         <subfield code="2">eczenas</subfield>
      </datafield>
      <datafield tag="648" ind1=" " ind2="7">
         <subfield code="a">15.-21. století</subfield>
         <subfield code="7">ch757044</subfield>
         <subfield code="2">czenas</subfield>
      </datafield>
      <datafield tag="650" ind1="0" ind2="7">
         <subfield code="a">překlady do češtiny</subfield>
         <subfield code="7">ph124901</subfield>
         <subfield code="y">15.-21. století</subfield>
         <subfield code="2">czenas</subfield>
      </datafield>
      <datafield tag="650" ind1="0" ind2="7">
         <subfield code="a">biblické texty</subfield>
         <subfield code="7">ph118860</subfield>
         <subfield code="2">czenas</subfield>
      </datafield>
      <datafield tag="650" ind1="0" ind2="9">
         <subfield code="a">Translations into Czech</subfield>
         <subfield code="x">History</subfield>
         <subfield code="2">eczenas</subfield>
      </datafield>
      <datafield tag="655" ind1=" " ind2="7">
         <subfield code="a">texty</subfield>
         <subfield code="7">fd133699</subfield>
         <subfield code="2">czenas</subfield>
      </datafield>
      <datafield tag="655" ind1=" " ind2="7">
         <subfield code="a">česká poezie</subfield>
         <subfield code="7">fd133958</subfield>
         <subfield code="2">czenas</subfield>
      </datafield>
      <datafield tag="655" ind1=" " ind2="9">
         <subfield code="a">Czech poetry</subfield>
         <subfield code="2">eczenas</subfield>
      </datafield>
      <datafield tag="700" ind1="1" ind2=" ">
         <subfield code="a">Balabán, Milan,</subfield>
         <subfield code="d">1929-</subfield>
         <subfield code="7">jn99240000045</subfield>
         <subfield code="4">aui</subfield>
         <subfield code="4">com</subfield>
         <subfield code="4">trl</subfield>
      </datafield>
      <datafield tag="700" ind1="1" ind2=" ">
         <subfield code="a">Hus, Jan,</subfield>
         <subfield code="d">asi 1371-1415</subfield>
         <subfield code="7">jk01043287</subfield>
         <subfield code="4">trl</subfield>
      </datafield>
      <datafield tag="830" ind1=" " ind2="0">
         <subfield code="a">Klub přátel poezie (Paseka).</subfield>
         <subfield code="p">Výběrová řada</subfield>
      </datafield>
      <datafield tag="910" ind1=" " ind2=" ">
         <subfield code="a">ABA001</subfield>
      </datafield>
      <datafield tag="ITM" ind1=" " ind2=" ">
         <subfield code="b">1000481723</subfield>
         <subfield code="c">I 414959</subfield>
         <subfield code="d"/>
         <subfield code="v"/>
         <subfield code="i"/>
         <subfield code="y"/>
      </datafield>
      <controlfield tag="SYS">001174505</controlfield>
   </record>