
   <record>
      <leader>     nam a22      a 4500</leader>
      <controlfield tag="FMT">BK</controlfield>
      <controlfield tag="001">cpk20031198765</controlfield>
      <controlfield tag="003">CZ PrNK</controlfield>
      <controlfield tag="005">20030324094747.0</controlfield>
      <controlfield tag="007">tu</controlfield>
      <controlfield tag="008">030304s2002    xr a   b      000 j cze</controlfield>
      <datafield tag="015" ind1=" " ind2=" ">
         <subfield code="a">cnb001198765</subfield>
      </datafield>
      <datafield tag="020" ind1=" " ind2=" ">
         <subfield code="a">80-86619-01-X</subfield>
         <subfield code="q">(váz.)</subfield>
      </datafield>
      <datafield tag="035" ind1=" " ind2=" ">
         <subfield code="a">(OCoLC)53261517</subfield>
      </datafield>
      <datafield tag="040" ind1=" " ind2=" ">
         <subfield code="a">ABA001</subfield>
         <subfield code="b">cze</subfield>
      </datafield>
      <datafield tag="072" ind1=" " ind2="7">
         <subfield code="a">821.162.3-3</subfield>
         <subfield code="x">Česká próza</subfield>
         <subfield code="2">Konspekt</subfield>
         <subfield code="9">25</subfield>
      </datafield>
      <datafield tag="072" ind1=" " ind2="7">
         <subfield code="a">821-93</subfield>
         <subfield code="x">Literatura pro děti a mládež (beletrie)</subfield>
         <subfield code="2">Konspekt</subfield>
         <subfield code="9">26</subfield>
      </datafield>
      <datafield tag="080" ind1=" " ind2=" ">
         <subfield code="a">821.162.3-32</subfield>
         <subfield code="2">MRF</subfield>
      </datafield>
      <datafield tag="080" ind1=" " ind2=" ">
         <subfield code="a">82-93</subfield>
         <subfield code="2">MRF</subfield>
      </datafield>
      <datafield tag="100" ind1="1" ind2=" ">
         <subfield code="a">Mrázková, Daisy,</subfield>
         <subfield code="d">1923-</subfield>
         <subfield code="7">jk01082288</subfield>
         <subfield code="4">aut</subfield>
         <subfield code="4">ill</subfield>
      </datafield>
      <datafield tag="245" ind1="1" ind2="0">
         <subfield code="a">Auto z pralesa /</subfield>
         <subfield code="c">Daisy Mrázková</subfield>
      </datafield>
      <datafield tag="250" ind1=" " ind2=" ">
         <subfield code="a">2. vyd.</subfield>
      </datafield>
      <datafield tag="260" ind1=" " ind2=" ">
         <subfield code="a">Ústí nad Orlicí :</subfield>
         <subfield code="b">Grantis,</subfield>
         <subfield code="c">2002</subfield>
      </datafield>
      <datafield tag="300" ind1=" " ind2=" ">
         <subfield code="a">77 s. :</subfield>
         <subfield code="b">il. (některé barev.) ;</subfield>
         <subfield code="c">19 x 21 cm</subfield>
      </datafield>
      <datafield tag="500" ind1=" " ind2=" ">
         <subfield code="a">2000 výt.</subfield>
      </datafield>
      <datafield tag="521" ind1=" " ind2=" ">
         <subfield code="a">Pro čtenáře od 7 let</subfield>
      </datafield>
      <datafield tag="655" ind1=" " ind2="7">
         <subfield code="a">příběhy</subfield>
         <subfield code="7">fd133204</subfield>
         <subfield code="2">czenas</subfield>
      </datafield>
      <datafield tag="655" ind1=" " ind2="7">
         <subfield code="a">publikace pro děti</subfield>
         <subfield code="7">fd133156</subfield>
         <subfield code="2">czenas</subfield>
      </datafield>
      <datafield tag="655" ind1=" " ind2="9">
         <subfield code="a">Short stories, Czech</subfield>
         <subfield code="2">eczenas</subfield>
      </datafield>
      <datafield tag="655" ind1=" " ind2="9">
         <subfield code="a">Children's stories, Czech</subfield>
         <subfield code="2">eczenas</subfield>
      </datafield>
      <datafield tag="910" ind1=" " ind2=" ">
         <subfield code="a">ABA001</subfield>
      </datafield>
      <datafield tag="ITM" ind1=" " ind2=" ">
         <subfield code="b">1000833288</subfield>
         <subfield code="c">I 412642</subfield>
         <subfield code="d"/>
         <subfield code="v"/>
         <subfield code="i"/>
         <subfield code="y"/>
      </datafield>
      <controlfield tag="SYS">001198765</controlfield>
   </record>