
   <record>
      <leader>     nam a22      a 4500</leader>
      <controlfield tag="FMT">BK</controlfield>
      <controlfield tag="001">cpk20041241335</controlfield>
      <controlfield tag="003">CZ PrNK</controlfield>
      <controlfield tag="005">20040601072625.0</controlfield>
      <controlfield tag="007">tu</controlfield>
      <controlfield tag="008">040429s2003    xr     e      000 p cze</controlfield>
      <datafield tag="015" ind1=" " ind2=" ">
         <subfield code="a">cnb001241335</subfield>
      </datafield>
      <datafield tag="020" ind1=" " ind2=" ">
         <subfield code="a">80-7185-565-0</subfield>
         <subfield code="q">(váz.)</subfield>
      </datafield>
      <datafield tag="035" ind1=" " ind2=" ">
         <subfield code="a">(OCoLC)56870704</subfield>
      </datafield>
      <datafield tag="040" ind1=" " ind2=" ">
         <subfield code="a">ABA001</subfield>
         <subfield code="b">cze</subfield>
      </datafield>
      <datafield tag="041" ind1="1" ind2=" ">
         <subfield code="a">cze</subfield>
         <subfield code="h">pol</subfield>
      </datafield>
      <datafield tag="072" ind1=" " ind2="7">
         <subfield code="a">821.162.1</subfield>
         <subfield code="x">Polská literatura</subfield>
         <subfield code="2">Konspekt</subfield>
         <subfield code="9">25</subfield>
      </datafield>
      <datafield tag="080" ind1=" " ind2=" ">
         <subfield code="a">821.162.1-1</subfield>
         <subfield code="2">MRF</subfield>
      </datafield>
      <datafield tag="080" ind1=" " ind2=" ">
         <subfield code="a">(0:82-1)</subfield>
         <subfield code="2">MRF</subfield>
      </datafield>
      <datafield tag="100" ind1="1" ind2=" ">
         <subfield code="a">Miłosz, Czesław,</subfield>
         <subfield code="d">1911-2004</subfield>
         <subfield code="7">jn19990005739</subfield>
         <subfield code="4">aut</subfield>
      </datafield>
      <datafield tag="245" ind1="1" ind2="0">
         <subfield code="a">To /</subfield>
         <subfield code="c">Czesław Miłosz ; přeložil Josef Mlejnek</subfield>
      </datafield>
      <datafield tag="250" ind1=" " ind2=" ">
         <subfield code="a">Vyd. 1.</subfield>
      </datafield>
      <datafield tag="260" ind1=" " ind2=" ">
         <subfield code="a">Praha ;</subfield>
         <subfield code="a">Litomyšl :</subfield>
         <subfield code="b">Paseka,</subfield>
         <subfield code="c">2003</subfield>
      </datafield>
      <datafield tag="300" ind1=" " ind2=" ">
         <subfield code="a">103 s. ;</subfield>
         <subfield code="c">17 cm</subfield>
      </datafield>
      <datafield tag="490" ind1="1" ind2=" ">
         <subfield code="a">Klub přátel poezie, Výběrová řada</subfield>
      </datafield>
      <datafield tag="500" ind1=" " ind2=" ">
         <subfield code="a">Přeloženo z polštiny</subfield>
      </datafield>
      <datafield tag="655" ind1=" " ind2="7">
         <subfield code="a">polská poezie</subfield>
         <subfield code="7">fd133080</subfield>
         <subfield code="2">czenas</subfield>
      </datafield>
      <datafield tag="655" ind1=" " ind2="9">
         <subfield code="a">Polish poetry</subfield>
         <subfield code="2">eczenas</subfield>
      </datafield>
      <datafield tag="700" ind1="1" ind2=" ">
         <subfield code="a">Mlejnek, Josef,</subfield>
         <subfield code="d">1946-</subfield>
         <subfield code="7">jn19990009935</subfield>
         <subfield code="4">trl</subfield>
      </datafield>
      <datafield tag="765" ind1="0" ind2=" ">
         <subfield code="t">To</subfield>
         <subfield code="9">Česky</subfield>
      </datafield>
      <datafield tag="830" ind1=" " ind2="0">
         <subfield code="a">Klub přátel poezie (Paseka).</subfield>
         <subfield code="p">Výběrová řada</subfield>
      </datafield>
      <datafield tag="856" ind1="4" ind2="1">
         <subfield code="u">http://kramerius4.nkp.cz/search/handle/uuid:74deadd0-53a4-11e4-bc71-005056827e52</subfield>
         <subfield code="y">Digitalizovaný dokument</subfield>
      </datafield>
      <datafield tag="910" ind1=" " ind2=" ">
         <subfield code="a">ABA001</subfield>
      </datafield>
      <datafield tag="ITM" ind1=" " ind2=" ">
         <subfield code="b">1000870391</subfield>
         <subfield code="c">I 427162</subfield>
         <subfield code="d"/>
         <subfield code="v"/>
         <subfield code="i"/>
         <subfield code="y"/>
      </datafield>
      <controlfield tag="SYS">001241335</controlfield>
   </record>