
   <record>
      <leader>     cam a22      a 4500</leader>
      <controlfield tag="FMT">BK</controlfield>
      <controlfield tag="001">cpk20041295385</controlfield>
      <controlfield tag="003">CZ PrNK</controlfield>
      <controlfield tag="005">20041018111723.0</controlfield>
      <controlfield tag="007">ta</controlfield>
      <controlfield tag="008">040520s2004    xr ac  e      001 0bcze</controlfield>
      <datafield tag="015" ind1=" " ind2=" ">
         <subfield code="a">cnb001295385</subfield>
      </datafield>
      <datafield tag="020" ind1=" " ind2=" ">
         <subfield code="a">80-249-0340-7</subfield>
         <subfield code="q">(váz.)</subfield>
      </datafield>
      <datafield tag="035" ind1=" " ind2=" ">
         <subfield code="a">(OCoLC)76602473</subfield>
      </datafield>
      <datafield tag="040" ind1=" " ind2=" ">
         <subfield code="a">BOA001</subfield>
         <subfield code="b">cze</subfield>
         <subfield code="d">ABA001</subfield>
      </datafield>
      <datafield tag="041" ind1="1" ind2=" ">
         <subfield code="a">cze</subfield>
         <subfield code="h">ger</subfield>
      </datafield>
      <datafield tag="043" ind1=" " ind2=" ">
         <subfield code="a">e-gx---</subfield>
      </datafield>
      <datafield tag="045" ind1=" " ind2=" ">
         <subfield code="a">s5t1</subfield>
      </datafield>
      <datafield tag="072" ind1=" " ind2="7">
         <subfield code="a">929</subfield>
         <subfield code="x">Biografie</subfield>
         <subfield code="2">Konspekt</subfield>
         <subfield code="9">8</subfield>
      </datafield>
      <datafield tag="080" ind1=" " ind2=" ">
         <subfield code="a">929.731</subfield>
         <subfield code="2">MRF</subfield>
      </datafield>
      <datafield tag="080" ind1=" " ind2=" ">
         <subfield code="a">(430)</subfield>
         <subfield code="2">MRF</subfield>
      </datafield>
      <datafield tag="080" ind1=" " ind2=" ">
         <subfield code="a">(092)</subfield>
         <subfield code="2">MRF</subfield>
      </datafield>
      <datafield tag="100" ind1="1" ind2=" ">
         <subfield code="a">Größing, Sigrid-Maria,</subfield>
         <subfield code="d">1939-</subfield>
         <subfield code="7">jn20000602629</subfield>
         <subfield code="4">aut</subfield>
      </datafield>
      <datafield tag="245" ind1="1" ind2="0">
         <subfield code="a">Maxmilián I. :</subfield>
         <subfield code="b">zakladatel habsburské světové říše /</subfield>
         <subfield code="c">Sigrid-Maria Größingová ; [z německého originálu ... přeložila Ingeborg Churaňová]</subfield>
      </datafield>
      <datafield tag="250" ind1=" " ind2=" ">
         <subfield code="a">Vyd. 1.</subfield>
      </datafield>
      <datafield tag="260" ind1=" " ind2=" ">
         <subfield code="a">Praha :</subfield>
         <subfield code="b">Ikar,</subfield>
         <subfield code="c">2004</subfield>
      </datafield>
      <datafield tag="300" ind1=" " ind2=" ">
         <subfield code="a">325 s. :</subfield>
         <subfield code="b">il., portréty ;</subfield>
         <subfield code="c">21 cm</subfield>
      </datafield>
      <datafield tag="504" ind1=" " ind2=" ">
         <subfield code="a">Obsahuje bibliografii a rejstřík</subfield>
      </datafield>
      <datafield tag="600" ind1="0" ind2="7">
         <subfield code="a">Maxmilián</subfield>
         <subfield code="b">I.,</subfield>
         <subfield code="c">římskoněmecký císař,</subfield>
         <subfield code="d">1459-1519</subfield>
         <subfield code="7">jn20000701191</subfield>
         <subfield code="2">czenas</subfield>
      </datafield>
      <datafield tag="648" ind1=" " ind2="7">
         <subfield code="a">15.-16. století</subfield>
         <subfield code="7">ch757034</subfield>
         <subfield code="2">czenas</subfield>
      </datafield>
      <datafield tag="650" ind1="0" ind2="7">
         <subfield code="a">panovníci</subfield>
         <subfield code="7">ph117250</subfield>
         <subfield code="z">Svatá říše římská</subfield>
         <subfield code="y">15.-16. století</subfield>
         <subfield code="2">czenas</subfield>
      </datafield>
      <datafield tag="650" ind1="0" ind2="9">
         <subfield code="a">kings and rulers</subfield>
         <subfield code="z">Holy Roman Empire</subfield>
         <subfield code="y">15th-16th centuries</subfield>
         <subfield code="2">eczenas</subfield>
      </datafield>
      <datafield tag="655" ind1=" " ind2="7">
         <subfield code="a">biografie</subfield>
         <subfield code="7">fd131909</subfield>
         <subfield code="2">czenas</subfield>
      </datafield>
      <datafield tag="655" ind1=" " ind2="9">
         <subfield code="a">biography</subfield>
         <subfield code="2">eczenas</subfield>
      </datafield>
      <datafield tag="765" ind1="0" ind2=" ">
         <subfield code="t">Maxmilian I.</subfield>
         <subfield code="9">Česky</subfield>
      </datafield>
      <datafield tag="910" ind1=" " ind2=" ">
         <subfield code="a">ABA001</subfield>
      </datafield>
      <datafield tag="ITM" ind1=" " ind2=" ">
         <subfield code="b">1000940372</subfield>
         <subfield code="c">I 428218</subfield>
         <subfield code="d"/>
         <subfield code="v"/>
         <subfield code="i"/>
         <subfield code="y"/>
      </datafield>
      <controlfield tag="SYS">001295385</controlfield>
   </record>