
   <record>
      <leader>     cam a22      a 4500</leader>
      <controlfield tag="FMT">BK</controlfield>
      <controlfield tag="001">cpk20051488141</controlfield>
      <controlfield tag="003">CZ PrNK</controlfield>
      <controlfield tag="005">20050330150007.0</controlfield>
      <controlfield tag="007">ta</controlfield>
      <controlfield tag="008">041210s2004    xr ac  g      000 f cze</controlfield>
      <datafield tag="015" ind1=" " ind2=" ">
         <subfield code="a">cnb001488141</subfield>
      </datafield>
      <datafield tag="020" ind1=" " ind2=" ">
         <subfield code="a">80-204-1153-4</subfield>
         <subfield code="q">(váz.)</subfield>
      </datafield>
      <datafield tag="035" ind1=" " ind2=" ">
         <subfield code="a">(OCoLC)85129637</subfield>
      </datafield>
      <datafield tag="040" ind1=" " ind2=" ">
         <subfield code="a">OLA001</subfield>
         <subfield code="b">cze</subfield>
         <subfield code="d">BOA001</subfield>
         <subfield code="d">ABA001</subfield>
      </datafield>
      <datafield tag="043" ind1=" " ind2=" ">
         <subfield code="a">a-th---</subfield>
         <subfield code="a">a-my---</subfield>
         <subfield code="a">a-si---</subfield>
      </datafield>
      <datafield tag="072" ind1=" " ind2="7">
         <subfield code="a">821.162.3-3</subfield>
         <subfield code="x">Česká próza</subfield>
         <subfield code="2">Konspekt</subfield>
         <subfield code="9">25</subfield>
      </datafield>
      <datafield tag="072" ind1=" " ind2="7">
         <subfield code="a">913(5)</subfield>
         <subfield code="x">Geografie Asie, reálie, cestování</subfield>
         <subfield code="2">Konspekt</subfield>
         <subfield code="9">7</subfield>
      </datafield>
      <datafield tag="080" ind1=" " ind2=" ">
         <subfield code="a">821.162.3-31</subfield>
         <subfield code="2">MRF</subfield>
      </datafield>
      <datafield tag="080" ind1=" " ind2=" ">
         <subfield code="a">394</subfield>
         <subfield code="2">MRF</subfield>
      </datafield>
      <datafield tag="080" ind1=" " ind2=" ">
         <subfield code="a">908(593)</subfield>
         <subfield code="2">MRF</subfield>
      </datafield>
      <datafield tag="080" ind1=" " ind2=" ">
         <subfield code="a">908(595)</subfield>
         <subfield code="2">MRF</subfield>
      </datafield>
      <datafield tag="080" ind1=" " ind2=" ">
         <subfield code="a">908(592.3)</subfield>
         <subfield code="2">MRF</subfield>
      </datafield>
      <datafield tag="080" ind1=" " ind2=" ">
         <subfield code="a">(0:82-311.8)</subfield>
         <subfield code="2">MRF</subfield>
      </datafield>
      <datafield tag="100" ind1="1" ind2=" ">
         <subfield code="a">Demel, Dalibor,</subfield>
         <subfield code="d">1970-</subfield>
         <subfield code="7">xx0026769</subfield>
         <subfield code="4">aut</subfield>
         <subfield code="4">pht</subfield>
      </datafield>
      <datafield tag="245" ind1="1" ind2="0">
         <subfield code="a">Kdo rozbije hory :</subfield>
         <subfield code="b">[příběh z Thajska] /</subfield>
         <subfield code="c">Dalibor Demel</subfield>
      </datafield>
      <datafield tag="250" ind1=" " ind2=" ">
         <subfield code="a">Vyd. 1.</subfield>
      </datafield>
      <datafield tag="260" ind1=" " ind2=" ">
         <subfield code="a">Praha :</subfield>
         <subfield code="b">Mladá fronta,</subfield>
         <subfield code="c">2004</subfield>
      </datafield>
      <datafield tag="300" ind1=" " ind2=" ">
         <subfield code="a">255 s. :</subfield>
         <subfield code="b">barev. il., portréty ;</subfield>
         <subfield code="c">25 cm</subfield>
      </datafield>
      <datafield tag="490" ind1="1" ind2=" ">
         <subfield code="a">Lidé a Země ;</subfield>
         <subfield code="v">sv. 11</subfield>
      </datafield>
      <datafield tag="504" ind1=" " ind2=" ">
         <subfield code="a">Obsahuje bibliografii</subfield>
      </datafield>
      <datafield tag="650" ind1="0" ind2="7">
         <subfield code="a">každodenní život</subfield>
         <subfield code="7">ph121555</subfield>
         <subfield code="z">Asie</subfield>
         <subfield code="2">czenas</subfield>
      </datafield>
      <datafield tag="650" ind1="0" ind2="9">
         <subfield code="a">everyday life</subfield>
         <subfield code="z">Asia</subfield>
         <subfield code="2">eczenas</subfield>
      </datafield>
      <datafield tag="651" ind1=" " ind2="7">
         <subfield code="a">Thajsko</subfield>
         <subfield code="7">ge131070</subfield>
         <subfield code="x">vlastivěda</subfield>
         <subfield code="2">czenas</subfield>
      </datafield>
      <datafield tag="651" ind1=" " ind2="7">
         <subfield code="a">Malajsie</subfield>
         <subfield code="7">ge129933</subfield>
         <subfield code="x">vlastivěda</subfield>
         <subfield code="2">czenas</subfield>
      </datafield>
      <datafield tag="651" ind1=" " ind2="7">
         <subfield code="a">Singapur</subfield>
         <subfield code="7">ge130813</subfield>
         <subfield code="x">vlastivěda</subfield>
         <subfield code="2">czenas</subfield>
      </datafield>
      <datafield tag="651" ind1=" " ind2="9">
         <subfield code="a">Thailand</subfield>
         <subfield code="x">description and travel</subfield>
         <subfield code="2">eczenas</subfield>
      </datafield>
      <datafield tag="651" ind1=" " ind2="9">
         <subfield code="a">Malaysia</subfield>
         <subfield code="x">description and travel</subfield>
         <subfield code="2">eczenas</subfield>
      </datafield>
      <datafield tag="651" ind1=" " ind2="9">
         <subfield code="a">Singapore</subfield>
         <subfield code="x">description and travel</subfield>
         <subfield code="2">eczenas</subfield>
      </datafield>
      <datafield tag="655" ind1=" " ind2="7">
         <subfield code="a">české romány</subfield>
         <subfield code="7">fd133974</subfield>
         <subfield code="2">czenas</subfield>
      </datafield>
      <datafield tag="655" ind1=" " ind2="7">
         <subfield code="a">cestopisné romány</subfield>
         <subfield code="7">fd131954</subfield>
         <subfield code="2">czenas</subfield>
      </datafield>
      <datafield tag="655" ind1=" " ind2="9">
         <subfield code="a">Czech fiction</subfield>
         <subfield code="2">eczenas</subfield>
      </datafield>
      <datafield tag="655" ind1=" " ind2="9">
         <subfield code="a">travel novels</subfield>
         <subfield code="2">eczenas</subfield>
      </datafield>
      <datafield tag="830" ind1=" " ind2="0">
         <subfield code="a">Lidé a Země</subfield>
      </datafield>
      <datafield tag="910" ind1=" " ind2=" ">
         <subfield code="a">ABA001</subfield>
      </datafield>
      <datafield tag="ITM" ind1=" " ind2=" ">
         <subfield code="b">1001092159</subfield>
         <subfield code="c">II 137695</subfield>
         <subfield code="d"/>
         <subfield code="v"/>
         <subfield code="i"/>
         <subfield code="y"/>
      </datafield>
      <controlfield tag="SYS">001488141</controlfield>
   </record>