
   <record>
      <leader>     nam a22     1a 4500</leader>
      <controlfield tag="FMT">BK</controlfield>
      <controlfield tag="001">bknhra04445</controlfield>
      <controlfield tag="003">CZ PrNK</controlfield>
      <controlfield tag="005">20040920000000.0</controlfield>
      <controlfield tag="008">040920s1910    xr                  cze</controlfield>
      <datafield tag="015" ind1=" " ind2=" ">
         <subfield code="a">cnb001514533</subfield>
      </datafield>
      <datafield tag="035" ind1=" " ind2=" ">
         <subfield code="a">(OCoLC)85589492</subfield>
      </datafield>
      <datafield tag="040" ind1=" " ind2=" ">
         <subfield code="a">ABA001</subfield>
         <subfield code="b">cze</subfield>
         <subfield code="c">ABA001</subfield>
         <subfield code="d">ABA001</subfield>
      </datafield>
      <datafield tag="100" ind1="1" ind2=" ">
         <subfield code="a">Živna, B.</subfield>
         <subfield code="4">aut</subfield>
      </datafield>
      <datafield tag="245" ind1="1" ind2="0">
         <subfield code="a">Stavba strojů.</subfield>
         <subfield code="n">Díl 1,</subfield>
         <subfield code="p">Běh A /</subfield>
         <subfield code="c">Dle přednášek B. Živny</subfield>
      </datafield>
      <datafield tag="246" ind1="3" ind2="0">
         <subfield code="a">Běh A</subfield>
      </datafield>
      <datafield tag="260" ind1=" " ind2=" ">
         <subfield code="a">Praha :</subfield>
         <subfield code="b">S.P.S.I.,</subfield>
         <subfield code="c">1910</subfield>
      </datafield>
      <datafield tag="300" ind1=" " ind2=" ">
         <subfield code="a">352 s. ;</subfield>
         <subfield code="c">4°</subfield>
      </datafield>
      <datafield tag="500" ind1=" " ind2=" ">
         <subfield code="a">S il.</subfield>
      </datafield>
      <datafield tag="500" ind1=" " ind2=" ">
         <subfield code="a">Hektografováno</subfield>
      </datafield>
      <datafield tag="910" ind1=" " ind2=" ">
         <subfield code="a">ABA001</subfield>
      </datafield>
      <datafield tag="ITM" ind1=" " ind2=" ">
         <subfield code="b">1002824574</subfield>
         <subfield code="c">III 038327</subfield>
         <subfield code="d"/>
         <subfield code="v"/>
         <subfield code="i"/>
         <subfield code="y"/>
      </datafield>
      <controlfield tag="SYS">001514533</controlfield>
   </record>