
   <record>
      <leader>     cam a22      a 4500</leader>
      <controlfield tag="FMT">BK</controlfield>
      <controlfield tag="001">nkc20051572265</controlfield>
      <controlfield tag="003">CZ PrNK</controlfield>
      <controlfield tag="005">20071129120831.0</controlfield>
      <controlfield tag="007">ta</controlfield>
      <controlfield tag="008">050707s2005    xr a   c      000 f cze</controlfield>
      <datafield tag="015" ind1=" " ind2=" ">
         <subfield code="a">cnb001572265</subfield>
      </datafield>
      <datafield tag="020" ind1=" " ind2=" ">
         <subfield code="a">80-204-1227-1</subfield>
         <subfield code="q">(váz.)</subfield>
      </datafield>
      <datafield tag="035" ind1=" " ind2=" ">
         <subfield code="a">(OCoLC)85156348</subfield>
      </datafield>
      <datafield tag="040" ind1=" " ind2=" ">
         <subfield code="a">BOA001</subfield>
         <subfield code="b">cze</subfield>
         <subfield code="d">ABA001</subfield>
      </datafield>
      <datafield tag="041" ind1="1" ind2=" ">
         <subfield code="a">cze</subfield>
         <subfield code="h">eng</subfield>
      </datafield>
      <datafield tag="072" ind1=" " ind2="7">
         <subfield code="a">821.111-3</subfield>
         <subfield code="x">Anglická próza, anglicky psaná</subfield>
         <subfield code="2">Konspekt</subfield>
         <subfield code="9">25</subfield>
      </datafield>
      <datafield tag="072" ind1=" " ind2="7">
         <subfield code="a">821-93</subfield>
         <subfield code="x">Literatura pro děti a mládež (beletrie)</subfield>
         <subfield code="2">Konspekt</subfield>
         <subfield code="9">26</subfield>
      </datafield>
      <datafield tag="080" ind1=" " ind2=" ">
         <subfield code="a">821-93</subfield>
         <subfield code="2">MRF</subfield>
      </datafield>
      <datafield tag="080" ind1=" " ind2=" ">
         <subfield code="a">821.111-31</subfield>
         <subfield code="2">MRF</subfield>
      </datafield>
      <datafield tag="080" ind1=" " ind2=" ">
         <subfield code="a">(0:82-312.9)</subfield>
         <subfield code="2">MRF</subfield>
      </datafield>
      <datafield tag="100" ind1="1" ind2=" ">
         <subfield code="a">Stewart, Paul,</subfield>
         <subfield code="d">1955-</subfield>
         <subfield code="7">ola2003175052</subfield>
         <subfield code="4">aut</subfield>
      </datafield>
      <datafield tag="245" ind1="1" ind2="0">
         <subfield code="a">Kroniky Světakraje.</subfield>
         <subfield code="n">Kniha třetí,</subfield>
         <subfield code="p">Zkáza létajícího města /</subfield>
         <subfield code="c">Paul Stewart &amp; Chris Riddell ; [přeložila Viola Lyčková]</subfield>
      </datafield>
      <datafield tag="246" ind1="3" ind2="0">
         <subfield code="a">Zkáza létajícího města</subfield>
      </datafield>
      <datafield tag="250" ind1=" " ind2=" ">
         <subfield code="a">1. vyd.</subfield>
      </datafield>
      <datafield tag="260" ind1=" " ind2=" ">
         <subfield code="a">Praha :</subfield>
         <subfield code="b">Mladá fronta,</subfield>
         <subfield code="c">2005</subfield>
      </datafield>
      <datafield tag="300" ind1=" " ind2=" ">
         <subfield code="a">297 s. :</subfield>
         <subfield code="b">il. ;</subfield>
         <subfield code="c">21 cm</subfield>
      </datafield>
      <datafield tag="500" ind1=" " ind2=" ">
         <subfield code="a">Přeloženo z angličtiny</subfield>
      </datafield>
      <datafield tag="500" ind1=" " ind2=" ">
         <subfield code="a">Ilustroval Chris Riddell</subfield>
      </datafield>
      <datafield tag="521" ind1="8" ind2=" ">
         <subfield code="a">Pro čtenáře od 10 do 100 let</subfield>
      </datafield>
      <datafield tag="655" ind1=" " ind2="7">
         <subfield code="a">anglické romány</subfield>
         <subfield code="7">fd131814</subfield>
         <subfield code="2">czenas</subfield>
      </datafield>
      <datafield tag="655" ind1=" " ind2="7">
         <subfield code="a">fantasy romány</subfield>
         <subfield code="7">fd184199</subfield>
         <subfield code="2">czenas</subfield>
      </datafield>
      <datafield tag="655" ind1=" " ind2="7">
         <subfield code="a">publikace pro mládež</subfield>
         <subfield code="7">fd133157</subfield>
         <subfield code="2">czenas</subfield>
      </datafield>
      <datafield tag="655" ind1=" " ind2="9">
         <subfield code="a">English fiction</subfield>
         <subfield code="2">eczenas</subfield>
      </datafield>
      <datafield tag="655" ind1=" " ind2="9">
         <subfield code="a">fantasy novels</subfield>
         <subfield code="2">eczenas</subfield>
      </datafield>
      <datafield tag="655" ind1=" " ind2="9">
         <subfield code="a">juvenile literature</subfield>
         <subfield code="2">eczenas</subfield>
      </datafield>
      <datafield tag="700" ind1="1" ind2=" ">
         <subfield code="a">Riddell, Chris,</subfield>
         <subfield code="d">1962-</subfield>
         <subfield code="7">xx0014190</subfield>
         <subfield code="4">aut</subfield>
         <subfield code="4">ill</subfield>
      </datafield>
      <datafield tag="700" ind1="1" ind2=" ">
         <subfield code="a">Somogyi, Viola,</subfield>
         <subfield code="d">1964-</subfield>
         <subfield code="7">xx0021382</subfield>
         <subfield code="4">trl</subfield>
      </datafield>
      <datafield tag="765" ind1="0" ind2=" ">
         <subfield code="t">Edge chronicles: midnight over Sanctaphrax</subfield>
         <subfield code="9">Česky</subfield>
      </datafield>
      <datafield tag="856" ind1="4" ind2="1">
         <subfield code="u">http://kramerius4.nkp.cz/search/handle/uuid:dc12a700-3c23-11e5-8851-005056827e51</subfield>
         <subfield code="y">Digitalizovaný dokument</subfield>
      </datafield>
      <datafield tag="910" ind1=" " ind2=" ">
         <subfield code="a">ABA001</subfield>
      </datafield>
      <datafield tag="ITM" ind1=" " ind2=" ">
         <subfield code="b">1000906480</subfield>
         <subfield code="c">I 441210</subfield>
         <subfield code="d">III.</subfield>
         <subfield code="v">III.</subfield>
         <subfield code="i"/>
         <subfield code="y"/>
      </datafield>
      <controlfield tag="SYS">001572265</controlfield>
   </record>