
   <record>
      <leader>     nam a22      a 4500</leader>
      <controlfield tag="FMT">BK</controlfield>
      <controlfield tag="001">nkc20051577508</controlfield>
      <controlfield tag="003">CZ PrNK</controlfield>
      <controlfield tag="005">20080225144213.0</controlfield>
      <controlfield tag="007">ta</controlfield>
      <controlfield tag="008">050802s2005    xr bcf e      001 0dcze</controlfield>
      <datafield tag="015" ind1=" " ind2=" ">
         <subfield code="a">cnb001577508</subfield>
      </datafield>
      <datafield tag="020" ind1=" " ind2=" ">
         <subfield code="a">80-7306-191-0</subfield>
         <subfield code="q">(Beta-Dobrovský ;</subfield>
         <subfield code="q">váz.)</subfield>
      </datafield>
      <datafield tag="020" ind1=" " ind2=" ">
         <subfield code="a">80-7291-135-X</subfield>
         <subfield code="q">(Ševčík ;</subfield>
         <subfield code="q">váz.)</subfield>
      </datafield>
      <datafield tag="035" ind1=" " ind2=" ">
         <subfield code="a">(OCoLC)85159868</subfield>
      </datafield>
      <datafield tag="040" ind1=" " ind2=" ">
         <subfield code="a">BOA001</subfield>
         <subfield code="b">cze</subfield>
         <subfield code="d">OLA001</subfield>
         <subfield code="d">ABA001</subfield>
      </datafield>
      <datafield tag="041" ind1="1" ind2=" ">
         <subfield code="a">cze</subfield>
         <subfield code="h">eng</subfield>
      </datafield>
      <datafield tag="043" ind1=" " ind2=" ">
         <subfield code="a">e-gx---</subfield>
      </datafield>
      <datafield tag="045" ind1=" " ind2=" ">
         <subfield code="a">x3x4</subfield>
      </datafield>
      <datafield tag="072" ind1=" " ind2="7">
         <subfield code="a">323</subfield>
         <subfield code="x">Vnitropolitický vývoj, politický život</subfield>
         <subfield code="2">Konspekt</subfield>
         <subfield code="9">15</subfield>
      </datafield>
      <datafield tag="080" ind1=" " ind2=" ">
         <subfield code="a">929</subfield>
         <subfield code="2">MRF</subfield>
      </datafield>
      <datafield tag="080" ind1=" " ind2=" ">
         <subfield code="a">32-051</subfield>
         <subfield code="2">MRF</subfield>
      </datafield>
      <datafield tag="080" ind1=" " ind2=" ">
         <subfield code="a">329.18-051</subfield>
         <subfield code="2">MRF</subfield>
      </datafield>
      <datafield tag="080" ind1=" " ind2=" ">
         <subfield code="a">355.083</subfield>
         <subfield code="2">MRF</subfield>
      </datafield>
      <datafield tag="080" ind1=" " ind2=" ">
         <subfield code="a">323.285-021.332</subfield>
         <subfield code="2">MRF</subfield>
      </datafield>
      <datafield tag="080" ind1=" " ind2=" ">
         <subfield code="a">328/329</subfield>
         <subfield code="2">MRF</subfield>
      </datafield>
      <datafield tag="080" ind1=" " ind2=" ">
         <subfield code="a">(430)</subfield>
         <subfield code="2">MRF</subfield>
      </datafield>
      <datafield tag="080" ind1=" " ind2=" ">
         <subfield code="a">(0:82-96)</subfield>
         <subfield code="2">MRF</subfield>
      </datafield>
      <datafield tag="100" ind1="1" ind2=" ">
         <subfield code="a">Parssinen, Terry M.,</subfield>
         <subfield code="d">1941-</subfield>
         <subfield code="7">xx0034442</subfield>
         <subfield code="4">aut</subfield>
      </datafield>
      <datafield tag="245" ind1="1" ind2="0">
         <subfield code="a">Osterovo spiknutí v roce 1938 :</subfield>
         <subfield code="b">neznámý příběh vojenské konspirace s cílem zabít Hitlera a zabránit druhé světové válce /</subfield>
         <subfield code="c">Terry Parssinen ; [z amerického originálu ... přeložily Květa Macáková a Hana Řeháková]</subfield>
      </datafield>
      <datafield tag="250" ind1=" " ind2=" ">
         <subfield code="a">Vyd. 1.</subfield>
      </datafield>
      <datafield tag="260" ind1=" " ind2=" ">
         <subfield code="a">Praha :</subfield>
         <subfield code="b">Beta-Dobrovský ;</subfield>
         <subfield code="a">Plzeň :</subfield>
         <subfield code="b">Ševčík,</subfield>
         <subfield code="c">2005</subfield>
      </datafield>
      <datafield tag="300" ind1=" " ind2=" ">
         <subfield code="a">190 s., [8] s. obr. příl. :</subfield>
         <subfield code="b">mapy, portréty ;</subfield>
         <subfield code="c">24 cm</subfield>
      </datafield>
      <datafield tag="500" ind1=" " ind2=" ">
         <subfield code="a">Slovníček německých výrazů</subfield>
      </datafield>
      <datafield tag="504" ind1=" " ind2=" ">
         <subfield code="a">Obsahuje bibliografické odkazy a rejstřík</subfield>
      </datafield>
      <datafield tag="600" ind1="1" ind2="7">
         <subfield code="a">Hitler, Adolf,</subfield>
         <subfield code="d">1889-1945</subfield>
         <subfield code="7">jn19990003541</subfield>
         <subfield code="2">czenas</subfield>
      </datafield>
      <datafield tag="600" ind1="1" ind2="7">
         <subfield code="a">Oster, Hans,</subfield>
         <subfield code="d">1888-1945</subfield>
         <subfield code="7">xx0034444</subfield>
         <subfield code="2">czenas</subfield>
      </datafield>
      <datafield tag="648" ind1=" " ind2="7">
         <subfield code="a">1933-1945</subfield>
         <subfield code="7">ch500562</subfield>
         <subfield code="2">czenas</subfield>
      </datafield>
      <datafield tag="648" ind1=" " ind2="7">
         <subfield code="a">1938</subfield>
         <subfield code="7">ch460651</subfield>
         <subfield code="2">czenas</subfield>
      </datafield>
      <datafield tag="648" ind1=" " ind2="7">
         <subfield code="a">20. století</subfield>
         <subfield code="7">ch460558</subfield>
         <subfield code="2">czenas</subfield>
      </datafield>
      <datafield tag="650" ind1="0" ind2="7">
         <subfield code="a">politici</subfield>
         <subfield code="7">ph115781</subfield>
         <subfield code="z">Německo</subfield>
         <subfield code="y">20. století</subfield>
         <subfield code="2">czenas</subfield>
      </datafield>
      <datafield tag="650" ind1="0" ind2="7">
         <subfield code="a">nacisté</subfield>
         <subfield code="7">ph123153</subfield>
         <subfield code="z">Německo</subfield>
         <subfield code="2">czenas</subfield>
      </datafield>
      <datafield tag="650" ind1="0" ind2="7">
         <subfield code="a">generálové</subfield>
         <subfield code="7">ph120479</subfield>
         <subfield code="z">Německo</subfield>
         <subfield code="y">20. století</subfield>
         <subfield code="2">czenas</subfield>
      </datafield>
      <datafield tag="650" ind1="0" ind2="7">
         <subfield code="a">pokusy o atentát</subfield>
         <subfield code="7">ph270278</subfield>
         <subfield code="z">Německo</subfield>
         <subfield code="y">1938</subfield>
         <subfield code="2">czenas</subfield>
      </datafield>
      <datafield tag="650" ind1="0" ind2="9">
         <subfield code="a">politicians</subfield>
         <subfield code="z">Germany</subfield>
         <subfield code="y">20th century</subfield>
         <subfield code="2">eczenas</subfield>
      </datafield>
      <datafield tag="650" ind1="0" ind2="9">
         <subfield code="a">Nazis</subfield>
         <subfield code="z">Germany</subfield>
         <subfield code="2">eczenas</subfield>
      </datafield>
      <datafield tag="650" ind1="0" ind2="9">
         <subfield code="a">generals</subfield>
         <subfield code="z">Germany</subfield>
         <subfield code="y">20th century</subfield>
         <subfield code="2">eczenas</subfield>
      </datafield>
      <datafield tag="650" ind1="0" ind2="9">
         <subfield code="a">attempted assassinations</subfield>
         <subfield code="z">Germany</subfield>
         <subfield code="y">1938</subfield>
         <subfield code="2">eczenas</subfield>
      </datafield>
      <datafield tag="651" ind1=" " ind2="7">
         <subfield code="a">Německo</subfield>
         <subfield code="7">ge135889</subfield>
         <subfield code="x">politika a vláda</subfield>
         <subfield code="y">1933-1945</subfield>
         <subfield code="2">czenas</subfield>
      </datafield>
      <datafield tag="651" ind1=" " ind2="9">
         <subfield code="a">Germany</subfield>
         <subfield code="x">politics and government</subfield>
         <subfield code="y">1933-1945</subfield>
         <subfield code="2">eczenas</subfield>
      </datafield>
      <datafield tag="655" ind1=" " ind2="7">
         <subfield code="a">literatura faktu</subfield>
         <subfield code="7">fd132773</subfield>
         <subfield code="2">czenas</subfield>
      </datafield>
      <datafield tag="655" ind1=" " ind2="9">
         <subfield code="a">non-fiction</subfield>
         <subfield code="2">eczenas</subfield>
      </datafield>
      <datafield tag="765" ind1="0" ind2=" ">
         <subfield code="t">Oster conspiracy of 1938</subfield>
         <subfield code="9">Česky</subfield>
      </datafield>
      <datafield tag="910" ind1=" " ind2=" ">
         <subfield code="a">ABA001</subfield>
      </datafield>
      <datafield tag="ITM" ind1=" " ind2=" ">
         <subfield code="b">1000906609</subfield>
         <subfield code="c">II 141098</subfield>
         <subfield code="d"/>
         <subfield code="v"/>
         <subfield code="i"/>
         <subfield code="y"/>
      </datafield>
      <controlfield tag="SYS">001577508</controlfield>
   </record>