
   <record>
      <leader>     nam a22      a 4500</leader>
      <controlfield tag="FMT">BK</controlfield>
      <controlfield tag="001">nkc20051631377</controlfield>
      <controlfield tag="003">CZ PrNK</controlfield>
      <controlfield tag="005">20061003100406.0</controlfield>
      <controlfield tag="007">ta</controlfield>
      <controlfield tag="008">051115s2005    xr abf e      001 0 cze</controlfield>
      <datafield tag="015" ind1=" " ind2=" ">
         <subfield code="a">cnb001631377</subfield>
      </datafield>
      <datafield tag="020" ind1=" " ind2=" ">
         <subfield code="a">80-204-1250-6</subfield>
         <subfield code="q">(váz.)</subfield>
      </datafield>
      <datafield tag="035" ind1=" " ind2=" ">
         <subfield code="a">(OCoLC)83978407</subfield>
      </datafield>
      <datafield tag="040" ind1=" " ind2=" ">
         <subfield code="a">BOA001</subfield>
         <subfield code="b">cze</subfield>
         <subfield code="d">ABA001</subfield>
      </datafield>
      <datafield tag="041" ind1="1" ind2=" ">
         <subfield code="a">cze</subfield>
         <subfield code="h">eng</subfield>
      </datafield>
      <datafield tag="043" ind1=" " ind2=" ">
         <subfield code="a">e------</subfield>
         <subfield code="a">e-uk---</subfield>
      </datafield>
      <datafield tag="045" ind1=" " ind2=" ">
         <subfield code="a">e-n-</subfield>
      </datafield>
      <datafield tag="072" ind1=" " ind2="7">
         <subfield code="a">94(4)</subfield>
         <subfield code="x">Dějiny Evropy</subfield>
         <subfield code="2">Konspekt</subfield>
         <subfield code="9">8</subfield>
      </datafield>
      <datafield tag="080" ind1=" " ind2=" ">
         <subfield code="a">316.72/.75</subfield>
         <subfield code="2">MRF</subfield>
      </datafield>
      <datafield tag="080" ind1=" " ind2=" ">
         <subfield code="a">13</subfield>
         <subfield code="2">MRF</subfield>
      </datafield>
      <datafield tag="080" ind1=" " ind2=" ">
         <subfield code="a">94(4-16)</subfield>
         <subfield code="2">MRF</subfield>
      </datafield>
      <datafield tag="080" ind1=" " ind2=" ">
         <subfield code="a">94(410)</subfield>
         <subfield code="2">MRF</subfield>
      </datafield>
      <datafield tag="080" ind1=" " ind2=" ">
         <subfield code="a">(=15)</subfield>
         <subfield code="2">MRF</subfield>
      </datafield>
      <datafield tag="080" ind1=" " ind2=" ">
         <subfield code="a">(=11)</subfield>
         <subfield code="2">MRF</subfield>
      </datafield>
      <datafield tag="080" ind1=" " ind2=" ">
         <subfield code="a">(=113)</subfield>
         <subfield code="2">MRF</subfield>
      </datafield>
      <datafield tag="080" ind1=" " ind2=" ">
         <subfield code="a">(309)</subfield>
         <subfield code="2">MRF</subfield>
      </datafield>
      <datafield tag="080" ind1=" " ind2=" ">
         <subfield code="a">(4-16)</subfield>
         <subfield code="2">MRF</subfield>
      </datafield>
      <datafield tag="080" ind1=" " ind2=" ">
         <subfield code="a">(410)</subfield>
         <subfield code="2">MRF</subfield>
      </datafield>
      <datafield tag="080" ind1=" " ind2=" ">
         <subfield code="a">(048.8)</subfield>
         <subfield code="2">MRF</subfield>
      </datafield>
      <datafield tag="100" ind1="1" ind2=" ">
         <subfield code="a">Bates, Brian,</subfield>
         <subfield code="d">1944-</subfield>
         <subfield code="7">mzk2005312918</subfield>
         <subfield code="4">aut</subfield>
      </datafield>
      <datafield tag="245" ind1="1" ind2="0">
         <subfield code="a">Skutečná Středozem /</subfield>
         <subfield code="c">Brian Bates ; [z anglického originálu ... přeložil Jiří Balek]</subfield>
      </datafield>
      <datafield tag="250" ind1=" " ind2=" ">
         <subfield code="a">Vyd. 1.</subfield>
      </datafield>
      <datafield tag="260" ind1=" " ind2=" ">
         <subfield code="a">Praha :</subfield>
         <subfield code="b">Mladá fronta,</subfield>
         <subfield code="c">2005</subfield>
      </datafield>
      <datafield tag="300" ind1=" " ind2=" ">
         <subfield code="a">236 s., [12] s. barev. obr. příl. :</subfield>
         <subfield code="b">il. (převážně barev.), mapy ;</subfield>
         <subfield code="c">24 cm</subfield>
      </datafield>
      <datafield tag="490" ind1="1" ind2=" ">
         <subfield code="a">Svět J.R.R. Tolkiena</subfield>
      </datafield>
      <datafield tag="500" ind1=" " ind2=" ">
         <subfield code="a">Obsahuje rejstřík</subfield>
      </datafield>
      <datafield tag="600" ind1="1" ind2="7">
         <subfield code="a">Tolkien, J. R. R.</subfield>
         <subfield code="q">(John Ronald Reuel),</subfield>
         <subfield code="d">1892-1973.</subfield>
         <subfield code="t">Lord of the rings</subfield>
         <subfield code="7">aun2006373559</subfield>
         <subfield code="2">czenas</subfield>
      </datafield>
      <datafield tag="648" ind1=" " ind2="4">
         <subfield code="a">1.-10. století</subfield>
      </datafield>
      <datafield tag="650" ind1="0" ind2="7">
         <subfield code="a">Středozemě (fiktivní útvar)</subfield>
         <subfield code="7">ph118108</subfield>
         <subfield code="2">czenas</subfield>
      </datafield>
      <datafield tag="650" ind1="0" ind2="7">
         <subfield code="a">Keltové</subfield>
         <subfield code="7">ph117669</subfield>
         <subfield code="2">czenas</subfield>
      </datafield>
      <datafield tag="650" ind1="0" ind2="7">
         <subfield code="a">Anglosasové</subfield>
         <subfield code="7">ph118467</subfield>
         <subfield code="2">czenas</subfield>
      </datafield>
      <datafield tag="650" ind1="0" ind2="7">
         <subfield code="a">Vikingové</subfield>
         <subfield code="7">ph118182</subfield>
         <subfield code="2">czenas</subfield>
      </datafield>
      <datafield tag="650" ind1="0" ind2="7">
         <subfield code="a">kultura a společnost</subfield>
         <subfield code="7">ph122010</subfield>
         <subfield code="z">Evropa severozápadní</subfield>
         <subfield code="y">1.-10. století</subfield>
         <subfield code="2">czenas</subfield>
      </datafield>
      <datafield tag="650" ind1="0" ind2="7">
         <subfield code="a">kultura a společnost</subfield>
         <subfield code="7">ph122010</subfield>
         <subfield code="z">Velká Británie</subfield>
         <subfield code="y">1.-10. století</subfield>
         <subfield code="2">czenas</subfield>
      </datafield>
      <datafield tag="650" ind1="0" ind2="7">
         <subfield code="a">duchovní život</subfield>
         <subfield code="7">ph114375</subfield>
         <subfield code="z">Evropa severozápadní</subfield>
         <subfield code="y">1.-10. století</subfield>
         <subfield code="2">czenas</subfield>
      </datafield>
      <datafield tag="650" ind1="0" ind2="7">
         <subfield code="a">duchovní život</subfield>
         <subfield code="7">ph114375</subfield>
         <subfield code="z">Velká Británie</subfield>
         <subfield code="y">1.-10. století</subfield>
         <subfield code="2">czenas</subfield>
      </datafield>
      <datafield tag="650" ind1="0" ind2="9">
         <subfield code="a">Middle Earth (imaginary place)</subfield>
         <subfield code="2">eczenas</subfield>
      </datafield>
      <datafield tag="650" ind1="0" ind2="9">
         <subfield code="a">Celts</subfield>
         <subfield code="2">eczenas</subfield>
      </datafield>
      <datafield tag="650" ind1="0" ind2="9">
         <subfield code="a">Anglo-Saxons</subfield>
         <subfield code="2">eczenas</subfield>
      </datafield>
      <datafield tag="650" ind1="0" ind2="9">
         <subfield code="a">Vikings</subfield>
         <subfield code="2">eczenas</subfield>
      </datafield>
      <datafield tag="650" ind1="0" ind2="9">
         <subfield code="a">culture and society</subfield>
         <subfield code="z">Europe, Northwest</subfield>
         <subfield code="y">1st-10th centuries</subfield>
         <subfield code="2">eczenas</subfield>
      </datafield>
      <datafield tag="650" ind1="0" ind2="9">
         <subfield code="a">culture and society</subfield>
         <subfield code="z">Great Britain</subfield>
         <subfield code="y">1st-10th centuries</subfield>
         <subfield code="2">eczenas</subfield>
      </datafield>
      <datafield tag="650" ind1="0" ind2="9">
         <subfield code="a">spiritual life</subfield>
         <subfield code="z">Europe, Northwest</subfield>
         <subfield code="y">1st-10th centuries</subfield>
         <subfield code="2">eczenas</subfield>
      </datafield>
      <datafield tag="650" ind1="0" ind2="9">
         <subfield code="a">spiritual life</subfield>
         <subfield code="z">Great Britain</subfield>
         <subfield code="y">1st-10th centuries</subfield>
         <subfield code="2">eczenas</subfield>
      </datafield>
      <datafield tag="651" ind1=" " ind2="7">
         <subfield code="a">Evropa severozápadní</subfield>
         <subfield code="7">ge134159</subfield>
         <subfield code="x">dějiny</subfield>
         <subfield code="y">1.-10. století</subfield>
         <subfield code="2">czenas</subfield>
      </datafield>
      <datafield tag="651" ind1=" " ind2="7">
         <subfield code="a">Velká Británie</subfield>
         <subfield code="7">ge134525</subfield>
         <subfield code="x">dějiny</subfield>
         <subfield code="y">1.-10. století</subfield>
         <subfield code="2">czenas</subfield>
      </datafield>
      <datafield tag="651" ind1=" " ind2="9">
         <subfield code="a">Europe, Northwest</subfield>
         <subfield code="x">history</subfield>
         <subfield code="y">1st-10th centuries</subfield>
         <subfield code="2">eczenas</subfield>
      </datafield>
      <datafield tag="651" ind1=" " ind2="9">
         <subfield code="a">Great Britain</subfield>
         <subfield code="x">history</subfield>
         <subfield code="y">1st-10th centuries</subfield>
         <subfield code="2">eczenas</subfield>
      </datafield>
      <datafield tag="655" ind1=" " ind2="7">
         <subfield code="a">studie</subfield>
         <subfield code="7">fd133597</subfield>
         <subfield code="2">czenas</subfield>
      </datafield>
      <datafield tag="655" ind1=" " ind2="9">
         <subfield code="a">studies</subfield>
         <subfield code="2">eczenas</subfield>
      </datafield>
      <datafield tag="765" ind1="0" ind2=" ">
         <subfield code="t">Real Middle-earth</subfield>
         <subfield code="9">Česky</subfield>
      </datafield>
      <datafield tag="830" ind1=" " ind2="0">
         <subfield code="a">Svět J.R.R. Tolkiena</subfield>
      </datafield>
      <datafield tag="910" ind1=" " ind2=" ">
         <subfield code="a">ABA001</subfield>
      </datafield>
      <datafield tag="ITM" ind1=" " ind2=" ">
         <subfield code="b">1001126689</subfield>
         <subfield code="c">II 141797</subfield>
         <subfield code="d"/>
         <subfield code="v"/>
         <subfield code="i"/>
         <subfield code="y"/>
      </datafield>
      <controlfield tag="SYS">001631377</controlfield>
   </record>