
   <record>
      <leader>     nam a22      a 4500</leader>
      <controlfield tag="FMT">BK</controlfield>
      <controlfield tag="001">nkc20061691909</controlfield>
      <controlfield tag="003">CZ PrNK</controlfield>
      <controlfield tag="005">20070530170827.0</controlfield>
      <controlfield tag="007">ta</controlfield>
      <controlfield tag="008">061005s2006    xr     f      000 0 cze</controlfield>
      <datafield tag="015" ind1=" " ind2=" ">
         <subfield code="a">cnb001691909</subfield>
      </datafield>
      <datafield tag="020" ind1=" " ind2=" ">
         <subfield code="a">80-200-1460-8</subfield>
         <subfield code="q">(brož.)</subfield>
      </datafield>
      <datafield tag="035" ind1=" " ind2=" ">
         <subfield code="a">(OCoLC)123343527</subfield>
      </datafield>
      <datafield tag="040" ind1=" " ind2=" ">
         <subfield code="a">ABA001</subfield>
         <subfield code="b">cze</subfield>
         <subfield code="d">OLA001</subfield>
      </datafield>
      <datafield tag="043" ind1=" " ind2=" ">
         <subfield code="a">e-xr---</subfield>
         <subfield code="a">e-xo---</subfield>
      </datafield>
      <datafield tag="072" ind1=" " ind2="7">
         <subfield code="a">82.0</subfield>
         <subfield code="x">Literatura (teorie)</subfield>
         <subfield code="2">Konspekt</subfield>
         <subfield code="9">11</subfield>
      </datafield>
      <datafield tag="080" ind1=" " ind2=" ">
         <subfield code="a">821.162.3-1</subfield>
         <subfield code="2">MRF</subfield>
      </datafield>
      <datafield tag="080" ind1=" " ind2=" ">
         <subfield code="a">821.162.4-1</subfield>
         <subfield code="2">MRF</subfield>
      </datafield>
      <datafield tag="080" ind1=" " ind2=" ">
         <subfield code="a">316.72</subfield>
         <subfield code="2">MRF</subfield>
      </datafield>
      <datafield tag="080" ind1=" " ind2=" ">
         <subfield code="a">316.72/.75</subfield>
         <subfield code="2">MRF</subfield>
      </datafield>
      <datafield tag="080" ind1=" " ind2=" ">
         <subfield code="a">(=162.3)</subfield>
         <subfield code="2">MRF</subfield>
      </datafield>
      <datafield tag="080" ind1=" " ind2=" ">
         <subfield code="a">(=162.4)</subfield>
         <subfield code="2">MRF</subfield>
      </datafield>
      <datafield tag="080" ind1=" " ind2=" ">
         <subfield code="a">(437.3)</subfield>
         <subfield code="2">MRF</subfield>
      </datafield>
      <datafield tag="080" ind1=" " ind2=" ">
         <subfield code="a">(437.6)</subfield>
         <subfield code="2">MRF</subfield>
      </datafield>
      <datafield tag="080" ind1=" " ind2=" ">
         <subfield code="a">(048.8)</subfield>
         <subfield code="2">MRF</subfield>
      </datafield>
      <datafield tag="100" ind1="1" ind2=" ">
         <subfield code="a">Reis, Vladimír,</subfield>
         <subfield code="d">1922-</subfield>
         <subfield code="7">jk01102238</subfield>
         <subfield code="4">aut</subfield>
      </datafield>
      <datafield tag="245" ind1="1" ind2="0">
         <subfield code="a">Kultura mezi Čechy a Slováky /</subfield>
         <subfield code="c">Vladimír Reis, Jiřina Kintnerová</subfield>
      </datafield>
      <datafield tag="250" ind1=" " ind2=" ">
         <subfield code="a">Vyd. 1.</subfield>
      </datafield>
      <datafield tag="260" ind1=" " ind2=" ">
         <subfield code="a">Praha :</subfield>
         <subfield code="b">Academia,</subfield>
         <subfield code="c">2006</subfield>
      </datafield>
      <datafield tag="300" ind1=" " ind2=" ">
         <subfield code="a">133 s. ;</subfield>
         <subfield code="c">24 cm</subfield>
      </datafield>
      <datafield tag="504" ind1=" " ind2=" ">
         <subfield code="a">Obsahuje bibliografické odkazy</subfield>
      </datafield>
      <datafield tag="600" ind1="1" ind2="7">
         <subfield code="a">Hlaváček, Karel,</subfield>
         <subfield code="d">1874-1898.</subfield>
         <subfield code="t">Modlitba</subfield>
         <subfield code="7">aun2006372940</subfield>
         <subfield code="2">czenas</subfield>
      </datafield>
      <datafield tag="600" ind1="1" ind2="7">
         <subfield code="a">Krasko, Ivan,</subfield>
         <subfield code="d">1876-1958.</subfield>
         <subfield code="t">Solitudo</subfield>
         <subfield code="7">aun2006373094</subfield>
         <subfield code="2">czenas</subfield>
      </datafield>
      <datafield tag="648" ind1=" " ind2="7">
         <subfield code="a">19.-20. století</subfield>
         <subfield code="7">ch757015</subfield>
         <subfield code="2">czenas</subfield>
      </datafield>
      <datafield tag="650" ind1="0" ind2="7">
         <subfield code="a">česká poezie</subfield>
         <subfield code="7">ph150471</subfield>
         <subfield code="y">19.-20. století</subfield>
         <subfield code="2">czenas</subfield>
      </datafield>
      <datafield tag="650" ind1="0" ind2="7">
         <subfield code="a">slovenská poezie</subfield>
         <subfield code="7">ph125662</subfield>
         <subfield code="y">19.-20. století</subfield>
         <subfield code="2">czenas</subfield>
      </datafield>
      <datafield tag="650" ind1="0" ind2="7">
         <subfield code="a">kulturní identita</subfield>
         <subfield code="7">ph122024</subfield>
         <subfield code="z">Česko</subfield>
         <subfield code="y">19.-20. století</subfield>
         <subfield code="2">czenas</subfield>
      </datafield>
      <datafield tag="650" ind1="0" ind2="7">
         <subfield code="a">kulturní identita</subfield>
         <subfield code="7">ph122024</subfield>
         <subfield code="z">Slovensko</subfield>
         <subfield code="y">19.-20. století</subfield>
         <subfield code="2">czenas</subfield>
      </datafield>
      <datafield tag="650" ind1="0" ind2="7">
         <subfield code="a">Češi</subfield>
         <subfield code="7">ph128067</subfield>
         <subfield code="x">kulturní vztahy</subfield>
         <subfield code="y">19.-20. století</subfield>
         <subfield code="2">czenas</subfield>
      </datafield>
      <datafield tag="650" ind1="0" ind2="7">
         <subfield code="a">Slováci</subfield>
         <subfield code="7">ph118089</subfield>
         <subfield code="x">kulturní vztahy</subfield>
         <subfield code="y">19.-20. století</subfield>
         <subfield code="2">czenas</subfield>
      </datafield>
      <datafield tag="650" ind1="0" ind2="9">
         <subfield code="a">Czech poetry</subfield>
         <subfield code="y">19th-20th centuries</subfield>
         <subfield code="2">eczenas</subfield>
      </datafield>
      <datafield tag="650" ind1="0" ind2="9">
         <subfield code="a">Slovak poetry</subfield>
         <subfield code="y">19th-20th centuries</subfield>
         <subfield code="2">eczenas</subfield>
      </datafield>
      <datafield tag="650" ind1="0" ind2="9">
         <subfield code="a">cultural identity</subfield>
         <subfield code="z">Czechia</subfield>
         <subfield code="y">19th-20th centuries</subfield>
         <subfield code="2">eczenas</subfield>
      </datafield>
      <datafield tag="650" ind1="0" ind2="9">
         <subfield code="a">cultural identity</subfield>
         <subfield code="z">Slovakia</subfield>
         <subfield code="y">19th-20th centuries</subfield>
         <subfield code="2">eczenas</subfield>
      </datafield>
      <datafield tag="650" ind1="0" ind2="9">
         <subfield code="a">Czechs</subfield>
         <subfield code="x">cultural relations</subfield>
         <subfield code="y">19th-20th centuries</subfield>
         <subfield code="2">eczenas</subfield>
      </datafield>
      <datafield tag="650" ind1="0" ind2="9">
         <subfield code="a">Slovaks</subfield>
         <subfield code="x">cultural relations</subfield>
         <subfield code="y">19th-20th centuries</subfield>
         <subfield code="2">eczenas</subfield>
      </datafield>
      <datafield tag="655" ind1=" " ind2="7">
         <subfield code="a">srovnávací studie</subfield>
         <subfield code="7">fd133583</subfield>
         <subfield code="2">czenas</subfield>
      </datafield>
      <datafield tag="655" ind1=" " ind2="9">
         <subfield code="a">comparative studies</subfield>
         <subfield code="2">eczenas</subfield>
      </datafield>
      <datafield tag="700" ind1="1" ind2=" ">
         <subfield code="a">Kintnerová, Jiřina,</subfield>
         <subfield code="d">1922-1996</subfield>
         <subfield code="7">jk01060196</subfield>
         <subfield code="4">aut</subfield>
      </datafield>
      <datafield tag="910" ind1=" " ind2=" ">
         <subfield code="a">ABA001</subfield>
      </datafield>
      <datafield tag="ITM" ind1=" " ind2=" ">
         <subfield code="b">1001519477</subfield>
         <subfield code="c">II 145878</subfield>
         <subfield code="d"/>
         <subfield code="v"/>
         <subfield code="i"/>
         <subfield code="y"/>
      </datafield>
      <controlfield tag="SYS">001691909</controlfield>
   </record>