
   <record>
      <leader>     cam a22      a 4500</leader>
      <controlfield tag="FMT">BK</controlfield>
      <controlfield tag="001">nkc20061692013</controlfield>
      <controlfield tag="003">CZ PrNK</controlfield>
      <controlfield tag="005">20070316083741.0</controlfield>
      <controlfield tag="007">ta</controlfield>
      <controlfield tag="008">061121s2006    xr     g      000 f cze d</controlfield>
      <datafield tag="015" ind1=" " ind2=" ">
         <subfield code="a">cnb001692013</subfield>
      </datafield>
      <datafield tag="020" ind1=" " ind2=" ">
         <subfield code="a">80-7185-812-9</subfield>
         <subfield code="q">(váz.)</subfield>
      </datafield>
      <datafield tag="035" ind1=" " ind2=" ">
         <subfield code="a">(OCoLC)124088799</subfield>
      </datafield>
      <datafield tag="040" ind1=" " ind2=" ">
         <subfield code="a">KLG001</subfield>
         <subfield code="b">cze</subfield>
         <subfield code="d">BOA001</subfield>
      </datafield>
      <datafield tag="041" ind1="1" ind2=" ">
         <subfield code="a">cze</subfield>
         <subfield code="h">eng</subfield>
      </datafield>
      <datafield tag="072" ind1=" " ind2="7">
         <subfield code="a">821.111(73)-3</subfield>
         <subfield code="x">Americká próza</subfield>
         <subfield code="2">Konspekt</subfield>
         <subfield code="9">25</subfield>
      </datafield>
      <datafield tag="080" ind1=" " ind2=" ">
         <subfield code="a">821.111(73)-31</subfield>
         <subfield code="2">MRF</subfield>
      </datafield>
      <datafield tag="080" ind1=" " ind2=" ">
         <subfield code="a">(0:82-31)</subfield>
         <subfield code="2">MRF</subfield>
      </datafield>
      <datafield tag="100" ind1="1" ind2=" ">
         <subfield code="a">Updike, John,</subfield>
         <subfield code="d">1932-2009</subfield>
         <subfield code="7">jn19990008702</subfield>
         <subfield code="4">aut</subfield>
      </datafield>
      <datafield tag="245" ind1="1" ind2="0">
         <subfield code="a">Vesnice /</subfield>
         <subfield code="c">John Updike ; [přeložil Jiří Hanuš]</subfield>
      </datafield>
      <datafield tag="250" ind1=" " ind2=" ">
         <subfield code="a">Vyd. 1.</subfield>
      </datafield>
      <datafield tag="260" ind1=" " ind2=" ">
         <subfield code="a">Praha ;</subfield>
         <subfield code="a">Litomyšl :</subfield>
         <subfield code="b">Paseka,</subfield>
         <subfield code="c">2006</subfield>
      </datafield>
      <datafield tag="300" ind1=" " ind2=" ">
         <subfield code="a">268 s. ;</subfield>
         <subfield code="c">21 cm</subfield>
      </datafield>
      <datafield tag="500" ind1=" " ind2=" ">
         <subfield code="a">Přeloženo z angličtiny</subfield>
      </datafield>
      <datafield tag="655" ind1=" " ind2="7">
         <subfield code="a">americké romány</subfield>
         <subfield code="7">fd131796</subfield>
         <subfield code="2">czenas</subfield>
      </datafield>
      <datafield tag="655" ind1=" " ind2="9">
         <subfield code="a">American fiction</subfield>
         <subfield code="2">eczenas</subfield>
      </datafield>
      <datafield tag="765" ind1="0" ind2=" ">
         <subfield code="t">Villages</subfield>
         <subfield code="9">Česky</subfield>
      </datafield>
      <datafield tag="910" ind1=" " ind2=" ">
         <subfield code="a">ABA001</subfield>
      </datafield>
      <datafield tag="ITM" ind1=" " ind2=" ">
         <subfield code="b">1001388233</subfield>
         <subfield code="c">I 455790</subfield>
         <subfield code="d"/>
         <subfield code="v"/>
         <subfield code="i"/>
         <subfield code="y"/>
      </datafield>
      <controlfield tag="SYS">001692013</controlfield>
   </record>