
   <record>
      <leader>     nam a22      a 4500</leader>
      <controlfield tag="FMT">BK</controlfield>
      <controlfield tag="001">nkc20061694789</controlfield>
      <controlfield tag="003">CZ PrNK</controlfield>
      <controlfield tag="005">20070320100417.0</controlfield>
      <controlfield tag="007">ta</controlfield>
      <controlfield tag="008">061211s2006    xr acefe      001 0dcze</controlfield>
      <datafield tag="015" ind1=" " ind2=" ">
         <subfield code="a">cnb001694789</subfield>
      </datafield>
      <datafield tag="020" ind1=" " ind2=" ">
         <subfield code="a">80-7341-926-2</subfield>
         <subfield code="q">(váz.)</subfield>
      </datafield>
      <datafield tag="035" ind1=" " ind2=" ">
         <subfield code="a">(OCoLC)124086903</subfield>
      </datafield>
      <datafield tag="040" ind1=" " ind2=" ">
         <subfield code="a">ABA001</subfield>
         <subfield code="b">cze</subfield>
         <subfield code="d">BOA001</subfield>
      </datafield>
      <datafield tag="041" ind1="1" ind2=" ">
         <subfield code="a">cze</subfield>
         <subfield code="h">eng</subfield>
      </datafield>
      <datafield tag="043" ind1=" " ind2=" ">
         <subfield code="a">s-pe---</subfield>
      </datafield>
      <datafield tag="045" ind1=" " ind2=" ">
         <subfield code="a">x1x1</subfield>
      </datafield>
      <datafield tag="072" ind1=" " ind2="7">
         <subfield code="a">94(85)</subfield>
         <subfield code="x">Dějiny Peru</subfield>
         <subfield code="2">Konspekt</subfield>
         <subfield code="9">8</subfield>
      </datafield>
      <datafield tag="080" ind1=" " ind2=" ">
         <subfield code="a">94(=873.122)</subfield>
         <subfield code="2">MRF</subfield>
      </datafield>
      <datafield tag="080" ind1=" " ind2=" ">
         <subfield code="a">910.4</subfield>
         <subfield code="2">MRF</subfield>
      </datafield>
      <datafield tag="080" ind1=" " ind2=" ">
         <subfield code="a">902.2</subfield>
         <subfield code="2">MRF</subfield>
      </datafield>
      <datafield tag="080" ind1=" " ind2=" ">
         <subfield code="a">902:904</subfield>
         <subfield code="2">MRF</subfield>
      </datafield>
      <datafield tag="080" ind1=" " ind2=" ">
         <subfield code="a">(85)</subfield>
         <subfield code="2">MRF</subfield>
      </datafield>
      <datafield tag="080" ind1=" " ind2=" ">
         <subfield code="a">(0:82-3)</subfield>
         <subfield code="2">MRF</subfield>
      </datafield>
      <datafield tag="100" ind1="1" ind2=" ">
         <subfield code="a">Bingham, Hiram,</subfield>
         <subfield code="d">1875-1956</subfield>
         <subfield code="7">xx0046766</subfield>
         <subfield code="4">aut</subfield>
      </datafield>
      <datafield tag="245" ind1="1" ind2="0">
         <subfield code="a">Ztracené město Inků :</subfield>
         <subfield code="b">příběh Machu Picchu a jeho zakladatelů /</subfield>
         <subfield code="c">Hiram Bingham ; s úvodem Hugha Thomsona ; přeložila Jarka Stuchlíková</subfield>
      </datafield>
      <datafield tag="250" ind1=" " ind2=" ">
         <subfield code="a">1. vyd. v českém jazyce</subfield>
      </datafield>
      <datafield tag="260" ind1=" " ind2=" ">
         <subfield code="a">Praha :</subfield>
         <subfield code="b">BB/art,</subfield>
         <subfield code="c">2006</subfield>
      </datafield>
      <datafield tag="300" ind1=" " ind2=" ">
         <subfield code="a">295 s., [32] s. obr. příl. :</subfield>
         <subfield code="b">il. (převážně barev.), portréty, plány ;</subfield>
         <subfield code="c">22 cm</subfield>
      </datafield>
      <datafield tag="500" ind1=" " ind2=" ">
         <subfield code="a">Přeloženo z angličtiny</subfield>
      </datafield>
      <datafield tag="504" ind1=" " ind2=" ">
         <subfield code="a">Obsahuje bibliografie a rejstřík</subfield>
      </datafield>
      <datafield tag="648" ind1=" " ind2="7">
         <subfield code="a">20. století</subfield>
         <subfield code="7">ch460558</subfield>
         <subfield code="2">czenas</subfield>
      </datafield>
      <datafield tag="650" ind1="0" ind2="7">
         <subfield code="a">Inkové</subfield>
         <subfield code="7">ph117634</subfield>
         <subfield code="x">dějiny</subfield>
         <subfield code="2">czenas</subfield>
      </datafield>
      <datafield tag="650" ind1="0" ind2="7">
         <subfield code="a">výzkumné expedice</subfield>
         <subfield code="7">ph135545</subfield>
         <subfield code="z">Peru</subfield>
         <subfield code="y">20. století</subfield>
         <subfield code="2">czenas</subfield>
      </datafield>
      <datafield tag="650" ind1="0" ind2="7">
         <subfield code="a">archeologické výzkumy</subfield>
         <subfield code="7">ph118577</subfield>
         <subfield code="z">Peru</subfield>
         <subfield code="2">czenas</subfield>
      </datafield>
      <datafield tag="650" ind1="0" ind2="7">
         <subfield code="a">archeologické nálezy</subfield>
         <subfield code="7">ph137683</subfield>
         <subfield code="z">Peru</subfield>
         <subfield code="2">czenas</subfield>
      </datafield>
      <datafield tag="650" ind1="0" ind2="9">
         <subfield code="a">Incas</subfield>
         <subfield code="x">history</subfield>
         <subfield code="2">eczenas</subfield>
      </datafield>
      <datafield tag="650" ind1="0" ind2="9">
         <subfield code="a">research expeditions</subfield>
         <subfield code="z">Peru</subfield>
         <subfield code="y">20th century</subfield>
         <subfield code="2">eczenas</subfield>
      </datafield>
      <datafield tag="650" ind1="0" ind2="9">
         <subfield code="a">excavations (archaeology)</subfield>
         <subfield code="z">Peru</subfield>
         <subfield code="2">eczenas</subfield>
      </datafield>
      <datafield tag="650" ind1="0" ind2="9">
         <subfield code="a">antiquities</subfield>
         <subfield code="z">Peru</subfield>
         <subfield code="2">eczenas</subfield>
      </datafield>
      <datafield tag="651" ind1=" " ind2="7">
         <subfield code="a">Machu Picchu (zaniklé město)</subfield>
         <subfield code="7">ge139322</subfield>
         <subfield code="2">czenas</subfield>
      </datafield>
      <datafield tag="651" ind1=" " ind2="9">
         <subfield code="a">Machu Picchu (extinct city)</subfield>
         <subfield code="2">eczenas</subfield>
      </datafield>
      <datafield tag="655" ind1=" " ind2="7">
         <subfield code="a">vyprávění</subfield>
         <subfield code="7">fd133823</subfield>
         <subfield code="2">czenas</subfield>
      </datafield>
      <datafield tag="655" ind1=" " ind2="9">
         <subfield code="a">narrations</subfield>
         <subfield code="2">eczenas</subfield>
      </datafield>
      <datafield tag="700" ind1="1" ind2=" ">
         <subfield code="a">Thomson, Hugh</subfield>
         <subfield code="7">xx0004566</subfield>
         <subfield code="4">aui</subfield>
      </datafield>
      <datafield tag="700" ind1="1" ind2=" ">
         <subfield code="a">Stuchlíková, Jarka,</subfield>
         <subfield code="d">1938-</subfield>
         <subfield code="7">jn20000402306</subfield>
         <subfield code="4">trl</subfield>
      </datafield>
      <datafield tag="765" ind1="0" ind2=" ">
         <subfield code="t">Lost city of the Incas</subfield>
         <subfield code="9">Česky</subfield>
      </datafield>
      <datafield tag="910" ind1=" " ind2=" ">
         <subfield code="a">ABA001</subfield>
      </datafield>
      <datafield tag="ITM" ind1=" " ind2=" ">
         <subfield code="b">1001389082</subfield>
         <subfield code="c">I 456495</subfield>
         <subfield code="d"/>
         <subfield code="v"/>
         <subfield code="i"/>
         <subfield code="y"/>
      </datafield>
      <controlfield tag="SYS">001694789</controlfield>
   </record>