
   <record>
      <leader>     nam a22      a 4500</leader>
      <controlfield tag="FMT">BK</controlfield>
      <controlfield tag="001">nkc20071709544</controlfield>
      <controlfield tag="003">CZ PrNK</controlfield>
      <controlfield tag="005">20070529164424.0</controlfield>
      <controlfield tag="007">ta</controlfield>
      <controlfield tag="008">070220s2007    xr a   e f    000 0 cze</controlfield>
      <datafield tag="015" ind1=" " ind2=" ">
         <subfield code="a">cnb001709544</subfield>
      </datafield>
      <datafield tag="020" ind1=" " ind2=" ">
         <subfield code="a">978-80-85005-72-1</subfield>
         <subfield code="q">(váz.)</subfield>
         <subfield code="z">80-85005-72-7</subfield>
      </datafield>
      <datafield tag="040" ind1=" " ind2=" ">
         <subfield code="a">BOA001</subfield>
         <subfield code="b">cze</subfield>
      </datafield>
      <datafield tag="072" ind1=" " ind2="7">
         <subfield code="a">628</subfield>
         <subfield code="x">Sanitární technika. Vodárenství. Odpadové hospodářství. Světelná technika</subfield>
         <subfield code="2">Konspekt</subfield>
         <subfield code="9">19</subfield>
      </datafield>
      <datafield tag="080" ind1=" " ind2=" ">
         <subfield code="a">628.3/.5</subfield>
         <subfield code="2">MRF</subfield>
      </datafield>
      <datafield tag="080" ind1=" " ind2=" ">
         <subfield code="a">628.463</subfield>
         <subfield code="2">MRF</subfield>
      </datafield>
      <datafield tag="080" ind1=" " ind2=" ">
         <subfield code="a">628.477.6</subfield>
         <subfield code="2">MRF</subfield>
      </datafield>
      <datafield tag="080" ind1=" " ind2=" ">
         <subfield code="a">(0.062)</subfield>
         <subfield code="2">MRF</subfield>
      </datafield>
      <datafield tag="100" ind1="1" ind2=" ">
         <subfield code="a">Šťastná, Jarmila</subfield>
         <subfield code="7">xx0029762</subfield>
         <subfield code="4">aut</subfield>
      </datafield>
      <datafield tag="245" ind1="1" ind2="0">
         <subfield code="a">Kam s nimi :</subfield>
         <subfield code="b">jak správně třídit odpady a všechno, co s tím souvisí : s průvodkyní Martinou Vrbovou /</subfield>
         <subfield code="c">[Jarmila Šťastná]</subfield>
      </datafield>
      <datafield tag="246" ind1="3" ind2="0">
         <subfield code="a">Jak správně třídit odpady</subfield>
      </datafield>
      <datafield tag="250" ind1=" " ind2=" ">
         <subfield code="a">Vyd. 1.</subfield>
      </datafield>
      <datafield tag="260" ind1=" " ind2=" ">
         <subfield code="a">Praha :</subfield>
         <subfield code="b">Česká televize,</subfield>
         <subfield code="c">2007</subfield>
      </datafield>
      <datafield tag="300" ind1=" " ind2=" ">
         <subfield code="a">117 s. :</subfield>
         <subfield code="b">barev. il. ;</subfield>
         <subfield code="c">16 cm +</subfield>
         <subfield code="e">1 DVD</subfield>
      </datafield>
      <datafield tag="490" ind1="1" ind2=" ">
         <subfield code="a">Edice České televize</subfield>
      </datafield>
      <datafield tag="500" ind1=" " ind2=" ">
         <subfield code="a">"Vytvořeno ve spolupráci s autorizovanou obalovou společností EKO-KOM"--Rub tit. s.</subfield>
      </datafield>
      <datafield tag="500" ind1=" " ind2=" ">
         <subfield code="a">Obálkový podnázev: vše o třídění a recyklaci odpadu</subfield>
      </datafield>
      <datafield tag="500" ind1=" " ind2=" ">
         <subfield code="a">Terminologický slovník</subfield>
      </datafield>
      <datafield tag="650" ind1="0" ind2="7">
         <subfield code="a">odpad</subfield>
         <subfield code="7">ph115564</subfield>
         <subfield code="2">czenas</subfield>
      </datafield>
      <datafield tag="650" ind1="0" ind2="7">
         <subfield code="a">třídění odpadu</subfield>
         <subfield code="7">ph214619</subfield>
         <subfield code="2">czenas</subfield>
      </datafield>
      <datafield tag="650" ind1="0" ind2="7">
         <subfield code="a">recyklace odpadu</subfield>
         <subfield code="7">ph125049</subfield>
         <subfield code="2">czenas</subfield>
      </datafield>
      <datafield tag="650" ind1="0" ind2="9">
         <subfield code="a">waste products</subfield>
         <subfield code="2">eczenas</subfield>
      </datafield>
      <datafield tag="650" ind1="0" ind2="9">
         <subfield code="a">waste separation</subfield>
         <subfield code="2">eczenas</subfield>
      </datafield>
      <datafield tag="650" ind1="0" ind2="9">
         <subfield code="a">waste recycling</subfield>
         <subfield code="2">eczenas</subfield>
      </datafield>
      <datafield tag="655" ind1=" " ind2="7">
         <subfield code="a">populárně-naučné publikace</subfield>
         <subfield code="7">fd131864</subfield>
         <subfield code="2">czenas</subfield>
      </datafield>
      <datafield tag="655" ind1=" " ind2="9">
         <subfield code="a">popular works</subfield>
         <subfield code="2">eczenas</subfield>
      </datafield>
      <datafield tag="655" ind1="9" ind2="7">
         <subfield code="a">ilustrované publikace</subfield>
         <subfield code="7">fd367467</subfield>
         <subfield code="2">czenas</subfield>
      </datafield>
      <datafield tag="710" ind1="2" ind2=" ">
         <subfield code="a">EKO-KOM (firma)</subfield>
         <subfield code="7">xx0031183</subfield>
      </datafield>
      <datafield tag="740" ind1="0" ind2="2">
         <subfield code="a">Vše o třídění a recyklaci odpadu</subfield>
      </datafield>
      <datafield tag="830" ind1=" " ind2="0">
         <subfield code="a">Edice České televize</subfield>
      </datafield>
      <datafield tag="910" ind1=" " ind2=" ">
         <subfield code="a">ABA001</subfield>
      </datafield>
      <datafield tag="ITM" ind1=" " ind2=" ">
         <subfield code="b">1001311873</subfield>
         <subfield code="c">I 457823</subfield>
         <subfield code="d">text</subfield>
         <subfield code="v">1</subfield>
         <subfield code="i"/>
         <subfield code="y"/>
      </datafield>
      <controlfield tag="SYS">001709544</controlfield>
   </record>