
   <record>
      <leader>     cam a22      a 4500</leader>
      <controlfield tag="FMT">BK</controlfield>
      <controlfield tag="001">nkc20081820299</controlfield>
      <controlfield tag="003">CZ PrNK</controlfield>
      <controlfield tag="005">20090518105906.0</controlfield>
      <controlfield tag="007">ta</controlfield>
      <controlfield tag="008">081222s2008    xr     g      000 f cze d</controlfield>
      <datafield tag="015" ind1=" " ind2=" ">
         <subfield code="a">cnb001820299</subfield>
      </datafield>
      <datafield tag="020" ind1=" " ind2=" ">
         <subfield code="a">978-80-7185-939-0</subfield>
         <subfield code="q">(váz.)</subfield>
      </datafield>
      <datafield tag="035" ind1=" " ind2=" ">
         <subfield code="a">(OCoLC)320202197</subfield>
      </datafield>
      <datafield tag="040" ind1=" " ind2=" ">
         <subfield code="a">TAG001</subfield>
         <subfield code="b">cze</subfield>
         <subfield code="d">KLG001</subfield>
         <subfield code="d">BOA001</subfield>
         <subfield code="d">ABA001</subfield>
      </datafield>
      <datafield tag="041" ind1="1" ind2=" ">
         <subfield code="a">cze</subfield>
         <subfield code="h">rus</subfield>
      </datafield>
      <datafield tag="072" ind1=" " ind2="7">
         <subfield code="a">821.161.1</subfield>
         <subfield code="x">Ruská literatura</subfield>
         <subfield code="2">Konspekt</subfield>
         <subfield code="9">25</subfield>
      </datafield>
      <datafield tag="080" ind1=" " ind2=" ">
         <subfield code="a">821.161.1-31</subfield>
         <subfield code="2">MRF</subfield>
      </datafield>
      <datafield tag="080" ind1=" " ind2=" ">
         <subfield code="a">(0:82-31)</subfield>
         <subfield code="2">MRF</subfield>
      </datafield>
      <datafield tag="100" ind1="1" ind2=" ">
         <subfield code="a">Nabokov, Vladimir Vladimirovič,</subfield>
         <subfield code="d">1899-1977</subfield>
         <subfield code="7">jn19992010056</subfield>
         <subfield code="4">aut</subfield>
      </datafield>
      <datafield tag="240" ind1="1" ind2="0">
         <subfield code="a">Mašen'ka.</subfield>
         <subfield code="l">Česky</subfield>
      </datafield>
      <datafield tag="245" ind1="1" ind2="0">
         <subfield code="a">Mášeňka /</subfield>
         <subfield code="c">Vladimir Vladimirovič Nabokov ; [přeložil Pavel Dominik]</subfield>
      </datafield>
      <datafield tag="250" ind1=" " ind2=" ">
         <subfield code="a">Vyd. 1.</subfield>
      </datafield>
      <datafield tag="260" ind1=" " ind2=" ">
         <subfield code="a">V Praze ;</subfield>
         <subfield code="a">a Litomyšli :</subfield>
         <subfield code="b">Paseka,</subfield>
         <subfield code="c">2008</subfield>
      </datafield>
      <datafield tag="300" ind1=" " ind2=" ">
         <subfield code="a">114 s. ;</subfield>
         <subfield code="c">21 cm</subfield>
      </datafield>
      <datafield tag="500" ind1=" " ind2=" ">
         <subfield code="a">Přeloženo z ruštiny</subfield>
      </datafield>
      <datafield tag="655" ind1=" " ind2="7">
         <subfield code="a">ruské romány</subfield>
         <subfield code="7">fd133320</subfield>
         <subfield code="2">czenas</subfield>
      </datafield>
      <datafield tag="655" ind1=" " ind2="9">
         <subfield code="a">Russian fiction</subfield>
         <subfield code="2">eczenas</subfield>
      </datafield>
      <datafield tag="700" ind1="1" ind2=" ">
         <subfield code="a">Dominik, Pavel,</subfield>
         <subfield code="d">1952-</subfield>
         <subfield code="7">jn20000400506</subfield>
         <subfield code="4">trl</subfield>
      </datafield>
      <datafield tag="856" ind1="4" ind2="1">
         <subfield code="u">http://kramerius4.nkp.cz/search/handle/uuid:b55757a0-bb1e-11e3-b833-005056827e52</subfield>
         <subfield code="y">Digitalizovaný dokument</subfield>
      </datafield>
      <datafield tag="910" ind1=" " ind2=" ">
         <subfield code="a">ABA001</subfield>
      </datafield>
      <datafield tag="ITM" ind1=" " ind2=" ">
         <subfield code="b">1001854521</subfield>
         <subfield code="c">I 482194</subfield>
         <subfield code="d"/>
         <subfield code="v"/>
         <subfield code="i"/>
         <subfield code="y"/>
      </datafield>
      <controlfield tag="SYS">001820299</controlfield>
   </record>