
   <record>
      <leader>     cam a22      a 4500</leader>
      <controlfield tag="FMT">BK</controlfield>
      <controlfield tag="001">nkc20091961197</controlfield>
      <controlfield tag="003">CZ PrNK</controlfield>
      <controlfield tag="005">20090827105148.0</controlfield>
      <controlfield tag="007">ta</controlfield>
      <controlfield tag="008">090511s2009    xr ac  e f    000 0 cze d</controlfield>
      <datafield tag="015" ind1=" " ind2=" ">
         <subfield code="a">cnb001961197</subfield>
      </datafield>
      <datafield tag="020" ind1=" " ind2=" ">
         <subfield code="a">978-80-86212-60-9</subfield>
         <subfield code="q">(Radioservis ;</subfield>
         <subfield code="q">v knize neuvedeno ;</subfield>
         <subfield code="q">váz.)</subfield>
         <subfield code="z">978-80-86212-02-9 :</subfield>
         <subfield code="c">Kč 289,00</subfield>
      </datafield>
      <datafield tag="035" ind1=" " ind2=" ">
         <subfield code="a">(OCoLC)433006659</subfield>
      </datafield>
      <datafield tag="040" ind1=" " ind2=" ">
         <subfield code="a">KLG001</subfield>
         <subfield code="b">cze</subfield>
         <subfield code="d">BOA001</subfield>
         <subfield code="d">ABA001</subfield>
      </datafield>
      <datafield tag="043" ind1=" " ind2=" ">
         <subfield code="a">e-xr---</subfield>
         <subfield code="a">x------</subfield>
      </datafield>
      <datafield tag="072" ind1=" " ind2="7">
         <subfield code="a">25</subfield>
         <subfield code="x">Náboženství, mytologie, kulty</subfield>
         <subfield code="2">Konspekt</subfield>
         <subfield code="9">5</subfield>
      </datafield>
      <datafield tag="080" ind1=" " ind2=" ">
         <subfield code="a">7.096</subfield>
         <subfield code="2">MRF</subfield>
      </datafield>
      <datafield tag="080" ind1=" " ind2=" ">
         <subfield code="a">25</subfield>
         <subfield code="2">MRF</subfield>
      </datafield>
      <datafield tag="080" ind1=" " ind2=" ">
         <subfield code="a">(437.3)</subfield>
         <subfield code="2">MRF</subfield>
      </datafield>
      <datafield tag="080" ind1=" " ind2=" ">
         <subfield code="a">(100)</subfield>
         <subfield code="2">MRF</subfield>
      </datafield>
      <datafield tag="080" ind1=" " ind2=" ">
         <subfield code="a">(0.062)</subfield>
         <subfield code="2">MRF</subfield>
      </datafield>
      <datafield tag="100" ind1="1" ind2=" ">
         <subfield code="a">Cincibus, Josef</subfield>
         <subfield code="7">ola2006323458</subfield>
         <subfield code="4">aut</subfield>
      </datafield>
      <datafield tag="245" ind1="1" ind2="0">
         <subfield code="a">Toulky světem bájí, aneb, S rozhlasem po stezkách mytologie /</subfield>
         <subfield code="c">Josef Cincibus, Jiří Hromádko</subfield>
      </datafield>
      <datafield tag="246" ind1="3" ind2="0">
         <subfield code="a">S rozhlasem po stezkách mytologie</subfield>
      </datafield>
      <datafield tag="250" ind1=" " ind2=" ">
         <subfield code="a">1. vyd.</subfield>
      </datafield>
      <datafield tag="260" ind1=" " ind2=" ">
         <subfield code="a">V Praze :</subfield>
         <subfield code="b">Radioservis ve spolupráci s Českým rozhlasem,</subfield>
         <subfield code="c">2009</subfield>
      </datafield>
      <datafield tag="300" ind1=" " ind2=" ">
         <subfield code="a">220 s. :</subfield>
         <subfield code="b">il., portréty ;</subfield>
         <subfield code="c">24 cm</subfield>
      </datafield>
      <datafield tag="630" ind1="0" ind2="7">
         <subfield code="a">Periskop (rozhlasový pořad)</subfield>
         <subfield code="7">unn2009526496</subfield>
         <subfield code="2">czenas</subfield>
      </datafield>
      <datafield tag="650" ind1="0" ind2="7">
         <subfield code="a">rozhlasové pořady</subfield>
         <subfield code="7">ph125251</subfield>
         <subfield code="z">Česko</subfield>
         <subfield code="2">czenas</subfield>
      </datafield>
      <datafield tag="650" ind1="0" ind2="7">
         <subfield code="a">mytologie</subfield>
         <subfield code="7">ph115389</subfield>
         <subfield code="z">země světa</subfield>
         <subfield code="2">czenas</subfield>
      </datafield>
      <datafield tag="650" ind1="0" ind2="9">
         <subfield code="a">radio programs</subfield>
         <subfield code="z">Czechia</subfield>
         <subfield code="2">eczenas</subfield>
      </datafield>
      <datafield tag="650" ind1="0" ind2="9">
         <subfield code="a">mythology</subfield>
         <subfield code="z">world countries</subfield>
         <subfield code="2">eczenas</subfield>
      </datafield>
      <datafield tag="655" ind1=" " ind2="7">
         <subfield code="a">populárně-naučné publikace</subfield>
         <subfield code="7">fd131864</subfield>
         <subfield code="2">czenas</subfield>
      </datafield>
      <datafield tag="655" ind1=" " ind2="9">
         <subfield code="a">popular works</subfield>
         <subfield code="2">eczenas</subfield>
      </datafield>
      <datafield tag="700" ind1="1" ind2=" ">
         <subfield code="a">Hromádko, Jiří,</subfield>
         <subfield code="d">1939-</subfield>
         <subfield code="7">xx0001105</subfield>
         <subfield code="4">aut</subfield>
      </datafield>
      <datafield tag="856" ind1="4" ind2="1">
         <subfield code="u">http://kramerius4.nkp.cz/search/handle/uuid:37adab80-d444-11e3-b110-005056827e51</subfield>
         <subfield code="y">Digitalizovaný dokument</subfield>
      </datafield>
      <datafield tag="910" ind1=" " ind2=" ">
         <subfield code="a">ABA001</subfield>
      </datafield>
      <datafield tag="ITM" ind1=" " ind2=" ">
         <subfield code="b">1001712891</subfield>
         <subfield code="c">II 157938</subfield>
         <subfield code="d"/>
         <subfield code="v"/>
         <subfield code="i"/>
         <subfield code="y"/>
      </datafield>
      <controlfield tag="SYS">001961197</controlfield>
   </record>