
   <record>
      <leader>     nam a22      a 4500</leader>
      <controlfield tag="FMT">BK</controlfield>
      <controlfield tag="001">nkc20092011592</controlfield>
      <controlfield tag="003">CZ PrNK</controlfield>
      <controlfield tag="005">20100225082257.0</controlfield>
      <controlfield tag="007">ta</controlfield>
      <controlfield tag="008">091119s2009    xr a   c      000 f cze</controlfield>
      <datafield tag="015" ind1=" " ind2=" ">
         <subfield code="a">cnb002011592</subfield>
      </datafield>
      <datafield tag="020" ind1=" " ind2=" ">
         <subfield code="a">978-80-254-6043-6</subfield>
         <subfield code="q">(váz.) :</subfield>
         <subfield code="c">Kč 240,00</subfield>
      </datafield>
      <datafield tag="035" ind1=" " ind2=" ">
         <subfield code="a">(OCoLC)551390723</subfield>
      </datafield>
      <datafield tag="040" ind1=" " ind2=" ">
         <subfield code="a">BOA001</subfield>
         <subfield code="b">cze</subfield>
         <subfield code="d">ABA001</subfield>
      </datafield>
      <datafield tag="072" ind1=" " ind2="7">
         <subfield code="a">821.162.3-3</subfield>
         <subfield code="x">Česká próza</subfield>
         <subfield code="2">Konspekt</subfield>
         <subfield code="9">25</subfield>
      </datafield>
      <datafield tag="072" ind1=" " ind2="7">
         <subfield code="a">821-93</subfield>
         <subfield code="x">Literatura pro děti a mládež (beletrie)</subfield>
         <subfield code="2">Konspekt</subfield>
         <subfield code="9">26</subfield>
      </datafield>
      <datafield tag="080" ind1=" " ind2=" ">
         <subfield code="a">821-93</subfield>
         <subfield code="2">MRF</subfield>
      </datafield>
      <datafield tag="080" ind1=" " ind2=" ">
         <subfield code="a">821.162.3-31</subfield>
         <subfield code="2">MRF</subfield>
      </datafield>
      <datafield tag="080" ind1=" " ind2=" ">
         <subfield code="a">(0:82-312.9)</subfield>
         <subfield code="2">MRF</subfield>
      </datafield>
      <datafield tag="100" ind1="1" ind2=" ">
         <subfield code="a">Skalová, Sylvie</subfield>
         <subfield code="7">mzk2010473803</subfield>
         <subfield code="4">aut</subfield>
      </datafield>
      <datafield tag="245" ind1="1" ind2="0">
         <subfield code="a">Dračí královna :</subfield>
         <subfield code="b">(pohádkový příběh) /</subfield>
         <subfield code="c">Sylvie Skalová ; [ilustroval Martin Kühn]</subfield>
      </datafield>
      <datafield tag="250" ind1=" " ind2=" ">
         <subfield code="a">Vyd. 1.</subfield>
      </datafield>
      <datafield tag="260" ind1=" " ind2=" ">
         <subfield code="a">Praha :</subfield>
         <subfield code="b">Orion IT,</subfield>
         <subfield code="c">2009</subfield>
      </datafield>
      <datafield tag="300" ind1=" " ind2=" ">
         <subfield code="a">138 s. :</subfield>
         <subfield code="b">il. (převážně barev.) ;</subfield>
         <subfield code="c">22 cm</subfield>
      </datafield>
      <datafield tag="505" ind1="0" ind2="0">
         <subfield code="g">část 1.</subfield>
         <subfield code="t">Dračí královna --</subfield>
         <subfield code="g">část 2.</subfield>
         <subfield code="t">Synové dračí královny</subfield>
      </datafield>
      <datafield tag="521" ind1="8" ind2=" ">
         <subfield code="a">Pro čtenáře od 8 let</subfield>
      </datafield>
      <datafield tag="655" ind1=" " ind2="7">
         <subfield code="a">české romány</subfield>
         <subfield code="7">fd133974</subfield>
         <subfield code="2">czenas</subfield>
      </datafield>
      <datafield tag="655" ind1=" " ind2="7">
         <subfield code="a">fantasy romány</subfield>
         <subfield code="7">fd184199</subfield>
         <subfield code="2">czenas</subfield>
      </datafield>
      <datafield tag="655" ind1=" " ind2="7">
         <subfield code="a">publikace pro děti</subfield>
         <subfield code="7">fd133156</subfield>
         <subfield code="2">czenas</subfield>
      </datafield>
      <datafield tag="655" ind1=" " ind2="9">
         <subfield code="a">Czech fiction</subfield>
         <subfield code="2">eczenas</subfield>
      </datafield>
      <datafield tag="655" ind1=" " ind2="9">
         <subfield code="a">fantasy novels</subfield>
         <subfield code="2">eczenas</subfield>
      </datafield>
      <datafield tag="655" ind1=" " ind2="9">
         <subfield code="a">children's literature</subfield>
         <subfield code="2">eczenas</subfield>
      </datafield>
      <datafield tag="856" ind1="4" ind2="1">
         <subfield code="u">http://kramerius4.nkp.cz/search/handle/uuid:5f2fbe90-8141-11e5-ac67-005056827e51</subfield>
         <subfield code="y">Digitalizovaný dokument</subfield>
      </datafield>
      <datafield tag="910" ind1=" " ind2=" ">
         <subfield code="a">ABA001</subfield>
      </datafield>
      <datafield tag="ITM" ind1=" " ind2=" ">
         <subfield code="b">1001977271</subfield>
         <subfield code="c">I 492695</subfield>
         <subfield code="d"/>
         <subfield code="v"/>
         <subfield code="i"/>
         <subfield code="y"/>
      </datafield>
      <controlfield tag="SYS">002011592</controlfield>
   </record>