
   <record>
      <leader>     nas a22      a 4500</leader>
      <controlfield tag="FMT">SE</controlfield>
      <controlfield tag="001">cpk20132499427</controlfield>
      <controlfield tag="003">CZ PrNK</controlfield>
      <controlfield tag="005">20150826145202.0</controlfield>
      <controlfield tag="007">tu</controlfield>
      <controlfield tag="008">840613d19631990xr ar         |   b0cze</controlfield>
      <datafield tag="015" ind1=" " ind2=" ">
         <subfield code="a">cnb002499427</subfield>
         <subfield code="z">cnb000001282</subfield>
         <subfield code="z">cnb000008901</subfield>
         <subfield code="z">cnb000012646</subfield>
         <subfield code="z">cnb000019500</subfield>
         <subfield code="z">cnb000024908</subfield>
         <subfield code="z">cnb000039968</subfield>
         <subfield code="z">cnb000050287</subfield>
         <subfield code="z">cnb000059389</subfield>
         <subfield code="z">cnb000153474</subfield>
         <subfield code="z">cnb000392387</subfield>
         <subfield code="z">cnb000406227</subfield>
         <subfield code="z">cnb000407516</subfield>
         <subfield code="z">cnb000411674</subfield>
         <subfield code="z">cnb000414209</subfield>
         <subfield code="z">cnb000420095</subfield>
         <subfield code="z">cnb000426536</subfield>
         <subfield code="z">cnb000434598</subfield>
         <subfield code="z">cnb000439227</subfield>
         <subfield code="z">cnb000441757</subfield>
         <subfield code="z">cnb000442948</subfield>
         <subfield code="z">cnb000444238</subfield>
         <subfield code="z">cnb000456896</subfield>
         <subfield code="z">cnb000465563</subfield>
         <subfield code="z">cnb000470294</subfield>
         <subfield code="z">cnb000482154</subfield>
         <subfield code="z">cnb000494001</subfield>
         <subfield code="z">cnb000494429</subfield>
         <subfield code="z">cnb000496421</subfield>
      </datafield>
      <datafield tag="022" ind1=" " ind2=" ">
         <subfield code="a">0485-2710</subfield>
      </datafield>
      <datafield tag="040" ind1=" " ind2=" ">
         <subfield code="a">ABA013</subfield>
         <subfield code="b">cze</subfield>
         <subfield code="d">ABA001</subfield>
      </datafield>
      <datafield tag="072" ind1=" " ind2="7">
         <subfield code="a">621.39</subfield>
         <subfield code="x">Sdělovací technika</subfield>
         <subfield code="2">Konspekt</subfield>
         <subfield code="9">19</subfield>
      </datafield>
      <datafield tag="080" ind1=" " ind2=" ">
         <subfield code="a">621.39(058)</subfield>
         <subfield code="2">undef</subfield>
      </datafield>
      <datafield tag="210" ind1="1" ind2=" ">
         <subfield code="a">Roč. Sdělovací tech.</subfield>
      </datafield>
      <datafield tag="222" ind1=" " ind2="0">
         <subfield code="a">Ročenka Sdělovací techniky</subfield>
      </datafield>
      <datafield tag="245" ind1="0" ind2="0">
         <subfield code="a">Ročenka sdělovací techniky ...</subfield>
      </datafield>
      <datafield tag="260" ind1=" " ind2=" ">
         <subfield code="a">Praha :</subfield>
         <subfield code="b">Státní nakladatelství technické literatury,</subfield>
         <subfield code="c">1963-1990</subfield>
      </datafield>
      <datafield tag="300" ind1=" " ind2=" ">
         <subfield code="a">27 sv.</subfield>
      </datafield>
      <datafield tag="310" ind1=" " ind2=" ">
         <subfield code="a">1x ročně</subfield>
      </datafield>
      <datafield tag="362" ind1="0" ind2=" ">
         <subfield code="a">Roč. 1964 (1963) - roč. 1990 (1990)</subfield>
      </datafield>
      <datafield tag="500" ind1=" " ind2=" ">
         <subfield code="a">Součástí názvu je označení běžného roku</subfield>
      </datafield>
      <datafield tag="500" ind1=" " ind2=" ">
         <subfield code="a">Od r. 1989 ISBN</subfield>
      </datafield>
      <datafield tag="655" ind1=" " ind2="7">
         <subfield code="a">ročenky</subfield>
         <subfield code="7">fd133307</subfield>
         <subfield code="2">czenas</subfield>
      </datafield>
      <datafield tag="780" ind1="0" ind2="0">
         <subfield code="t">Kalendář sdělovací techniky ...</subfield>
      </datafield>
      <datafield tag="856" ind1="4" ind2="1">
         <subfield code="u">http://kramerius4.nkp.cz/search/handle/uuid:02126cf0-203e-11e3-a5bb-005056827e52</subfield>
         <subfield code="y">Digitalizovaný dokument</subfield>
      </datafield>
      <datafield tag="856" ind1="4" ind2="1">
         <subfield code="u">http://kramerius4.nkp.cz/search/handle/uuid:e6e72080-8662-11e2-aa2b-005056827e51</subfield>
         <subfield code="y">Digitalizovaný dokument</subfield>
         <subfield code="z">1986</subfield>
      </datafield>
      <datafield tag="856" ind1="4" ind2="1">
         <subfield code="u">http://kramerius4.nkp.cz/search/handle/uuid:0b880830-8174-11e2-b238-005056827e52</subfield>
         <subfield code="y">Digitalizovaný dokument</subfield>
         <subfield code="z">1990</subfield>
      </datafield>
      <datafield tag="902" ind1=" " ind2=" ">
         <subfield code="a">80-03-00159-5</subfield>
         <subfield code="q">(1989)</subfield>
      </datafield>
      <datafield tag="902" ind1=" " ind2=" ">
         <subfield code="a">80-03-00582-5</subfield>
         <subfield code="q">(1990)</subfield>
      </datafield>
      <datafield tag="910" ind1=" " ind2=" ">
         <subfield code="a">ABA001</subfield>
      </datafield>
      <datafield tag="964" ind1=" " ind2=" ">
         <subfield code="a">Technika sdělovací - kalendáře</subfield>
      </datafield>
      <datafield tag="ITM" ind1=" " ind2=" ">
         <subfield code="b">1003234191</subfield>
         <subfield code="c">I 258583</subfield>
         <subfield code="d">R.1982</subfield>
         <subfield code="v">1982</subfield>
         <subfield code="i"/>
         <subfield code="y"/>
      </datafield>
      <controlfield tag="SYS">002499427</controlfield>
   </record>