
   <record>
      <leader>     nam a22      aa4500</leader>
      <controlfield tag="FMT">BK</controlfield>
      <controlfield tag="001">cpk20142577117</controlfield>
      <controlfield tag="003">CZ PrNK</controlfield>
      <controlfield tag="005">20140328135545.0</controlfield>
      <controlfield tag="007">tu</controlfield>
      <controlfield tag="008">140328m19851987xr a   f     u0|1 | cze</controlfield>
      <datafield tag="015" ind1=" " ind2=" ">
         <subfield code="a">cnb002577117</subfield>
         <subfield code="z">cnb000016038</subfield>
         <subfield code="z">cnb000037935</subfield>
      </datafield>
      <datafield tag="020" ind1=" " ind2=" ">
         <subfield code="q">(Váz.)</subfield>
      </datafield>
      <datafield tag="035" ind1=" " ind2=" ">
         <subfield code="a">(OCoLC)39414786</subfield>
      </datafield>
      <datafield tag="035" ind1=" " ind2=" ">
         <subfield code="a">(OCoLC)39422046</subfield>
      </datafield>
      <datafield tag="040" ind1=" " ind2=" ">
         <subfield code="a">ABA001</subfield>
         <subfield code="b">cze</subfield>
      </datafield>
      <datafield tag="080" ind1=" " ind2=" ">
         <subfield code="a">547</subfield>
         <subfield code="2">undef</subfield>
      </datafield>
      <datafield tag="245" ind1="0" ind2="0">
         <subfield code="a">Chemie organických sloučenin /</subfield>
         <subfield code="c">vedoucí autorského kolektivu Otakar Červinka</subfield>
      </datafield>
      <datafield tag="250" ind1=" " ind2=" ">
         <subfield code="a">1. vyd.</subfield>
      </datafield>
      <datafield tag="260" ind1=" " ind2=" ">
         <subfield code="a">Praha :</subfield>
         <subfield code="b">SNTL ;</subfield>
         <subfield code="a">Bratislava :</subfield>
         <subfield code="b">Alfa,</subfield>
         <subfield code="c">1985-1987</subfield>
      </datafield>
      <datafield tag="300" ind1=" " ind2=" ">
         <subfield code="a">2 sv. (1131; 1052 s.) :</subfield>
         <subfield code="b">il. ;</subfield>
         <subfield code="c">24 cm</subfield>
      </datafield>
      <datafield tag="500" ind1=" " ind2=" ">
         <subfield code="a">3000 výt.</subfield>
      </datafield>
      <datafield tag="500" ind1=" " ind2=" ">
         <subfield code="a">Obálka a vazba Vladislav Jacák</subfield>
      </datafield>
      <datafield tag="500" ind1=" " ind2=" ">
         <subfield code="a">Opr.</subfield>
      </datafield>
      <datafield tag="504" ind1=" " ind2=" ">
         <subfield code="a">Obsahuje bibliografie a rejstřík</subfield>
      </datafield>
      <datafield tag="655" ind1=" " ind2="7">
         <subfield code="a">monografie</subfield>
         <subfield code="7">fd132842</subfield>
         <subfield code="2">czenas</subfield>
      </datafield>
      <datafield tag="700" ind1="1" ind2=" ">
         <subfield code="a">Červinka, Otakar,</subfield>
         <subfield code="d">1925-2002</subfield>
         <subfield code="7">jk01021742</subfield>
         <subfield code="4">aut</subfield>
      </datafield>
      <datafield tag="910" ind1=" " ind2=" ">
         <subfield code="a">ABA001</subfield>
      </datafield>
      <datafield tag="964" ind1=" " ind2=" ">
         <subfield code="a">Chemie organická - monografie</subfield>
      </datafield>
      <datafield tag="ITM" ind1=" " ind2=" ">
         <subfield code="b">1002187445</subfield>
         <subfield code="c">II 093587</subfield>
         <subfield code="d">Díl 2</subfield>
         <subfield code="v">2</subfield>
         <subfield code="i"/>
         <subfield code="y"/>
      </datafield>
      <controlfield tag="SYS">002577117</controlfield>
   </record>