
   <record>
      <leader>     nas a22      a 4500</leader>
      <controlfield tag="FMT">SE</controlfield>
      <controlfield tag="001">cpk20142613778</controlfield>
      <controlfield tag="003">CZ PrNK</controlfield>
      <controlfield tag="005">20140818112346.0</controlfield>
      <controlfield tag="007">tu</controlfield>
      <controlfield tag="008">840613d19341939xr ar         |   b0ger</controlfield>
      <datafield tag="015" ind1=" " ind2=" ">
         <subfield code="a">cnb002613778</subfield>
         <subfield code="z">cnb000948296</subfield>
         <subfield code="z">cnb000952087</subfield>
         <subfield code="z">cnb000952088</subfield>
      </datafield>
      <datafield tag="040" ind1=" " ind2=" ">
         <subfield code="a">ABA001</subfield>
         <subfield code="b">cze</subfield>
         <subfield code="d">ABA001</subfield>
      </datafield>
      <datafield tag="072" ind1=" " ind2="7">
         <subfield code="a">01</subfield>
         <subfield code="x">Bibliografie. Katalogy</subfield>
         <subfield code="2">Konspekt</subfield>
         <subfield code="9">12</subfield>
      </datafield>
      <datafield tag="080" ind1=" " ind2=" ">
         <subfield code="a">050</subfield>
         <subfield code="2">MRF-sel</subfield>
      </datafield>
      <datafield tag="245" ind1="0" ind2="0">
         <subfield code="a">Deutsche Bibliographie :</subfield>
         <subfield code="b">Veröffentlichungen in den Sudetenländern ...</subfield>
      </datafield>
      <datafield tag="260" ind1=" " ind2=" ">
         <subfield code="a">Reichenberg :</subfield>
         <subfield code="b">Sudetendeutscher Verlag Franz Kraus,</subfield>
         <subfield code="c">1934-1939</subfield>
      </datafield>
      <datafield tag="300" ind1=" " ind2=" ">
         <subfield code="a">8 sv.</subfield>
      </datafield>
      <datafield tag="310" ind1=" " ind2=" ">
         <subfield code="a">Ročenka</subfield>
      </datafield>
      <datafield tag="362" ind1="0" ind2=" ">
         <subfield code="a">Jahrg. 1931 (1934) - Jahrg. 1938 (1939)</subfield>
      </datafield>
      <datafield tag="500" ind1=" " ind2=" ">
         <subfield code="a">Součástí podnázvu je označení roku</subfield>
      </datafield>
      <datafield tag="910" ind1=" " ind2=" ">
         <subfield code="a">ABA001</subfield>
      </datafield>
      <datafield tag="ITM" ind1=" " ind2=" ">
         <subfield code="b">1002824547</subfield>
         <subfield code="c">II 038846/1931</subfield>
         <subfield code="d">Jg. 1931</subfield>
         <subfield code="v">1931</subfield>
         <subfield code="i"/>
         <subfield code="y"/>
      </datafield>
      <controlfield tag="SYS">002613778</controlfield>
   </record>
</collection>